2946 4936
202 809 335 885 tempus
358 801 464 864 futuri
490 801 661 865 referetur.
688 800 731 864 nd
747 800 899 884 proxime
914 799 1115 884 impendens
1132 808 1265 885 tempus

205 929 272 990 fere
296 932 455 1010 spectare.
503 924 604 1008 Apud
628 925 787 988 Plautum
812 924 949 1008 quidem
966 931 998 990 et
1014 925 1209 990 Terentium
1223 965 1266 973 -

202 1057 239 1114 nt
264 1049 457 1134 supradixi
484 1049 611 1112 -hoc
636 1049 824 1113 discrimen.
851 1049 941 1133 qnod
966 1049 1053 1114 inter
1072 1051 1153 1114 inssi
1171 1058 1204 1114 et
1219 1051 1266 1114 in·

202 1174 332 1239 terdicti
367 1181 528 1259 tempore,
566 1180 615 1238 est
650 1173 808 1257 qnanmis
837 1174 879 1238 ad
904 1176 1059 1238 t'ntnrnm
1083 1181 1266 1259 utrumqne

202 1306 337 1384 spectet,
362 1321 403 1364 ex
428 1298 589 1383 exemplis
613 1320 681 1362 non
706 1298 786 1362 setis
809 1299 924 1365 elucet.
947 1321 1027 1363 nem
1044 1299 1110 1364 illic
1127 1307 1159 1364 ot
1175 1300 1266 1364 insse

203 1432 235 1489 et
259 1424 434 1489 interdicta
457 1424 651 1509 saepissime
676 1422 718 1487 ed
742 1422 937 1508 proximum
961 1431 1095 1509 tempus
1120 1426 1266 1489 referun-

202 1557 271 1613 tm:
297 1550 388 1633 qnod
413 1548 553 1613 minime
577 1548 681 1612 uerba
706 1569 781 1612 mea
808 1550 933 1612 refutat
957 1548 1107 1614 dicentis.
1134 1551 1266 1636 inipso

203 1681 323 1738 natura
358 1674 440 1738 iussi
476 1679 508 1737 et
539 1672 705 1737 interdicti
729 1672 793 1736 hoc
817 1672 996 1738 discrimen
1022 1695 1092 1739 esse
1116 1675 1265 1740 insitum.

204 1797 297 1874 Quin
321 1820 396 1863 cum
423 1798 479 1862 ills
503 1819 522 1862 a
546 1819 600 1862 mo
624 1818 727 1882 supra
750 1797 851 1861 allata
867 1799 991 1882 regula,
1010 1820 1078 1883 qne
1094 1799 1129 1862 in
1141 1800 1267 1884 protasi

202 1923 332 1988 iussum
357 1922 548 1987 continente
572 1943 739 2007 praesens.
765 1923 801 1985 in
818 1923 944 2006 protasi
960 1923 1175 1988 interdictum
1193 1946 1267 1989 oon-

201 2049 329 2112 tinente
353 2049 508 2111 futurum
532 2054 721 2131 usurpetur,
748 2068 879 2132 semper
902 2048 972 2112 fere
997 2032 1088 2133 apnd
1107 2049 1266 2113 Plautum

202 2179 237 2237 et
258 2173 452 2237 Terentium
477 2169 681 2241 obsernctur,
707 2193 817 2255 neque
834 2180 948 2236 tamen
965 2173 1000 2236 in
1018 2173 1158 2258 singulis
1175 2174 1266 2259 opud

202 2320 259 2362 eos
283 2297 445 2382 exenrplis
468 2297 552 2361 illud
576 2297 736 2381 temporis
761 2297 950 2374 discrimen,
976 2298 1067 2382 quod
1093 2299 1179 2363 inter
1201 2300 1266 2363 ins-

202 2445 279 2487 snm
303 2431 336 2487 et
359 2421 571 2486 interdictum
599 2444 669 2486 esse
694 2443 796 2506 supra
820 2421 899 2499 dixi,
925 2444 1057 2507 semper
1076 2423 1174 2487 stetui
1194 2445 1265 2508 pos-

202 2547 253 2615 sit,
280 2547 338 2612 sed
362 2546 537 2631 utriusque
562 2548 721 2631 temporis
746 2568 826 2611 usus
851 2546 1008 2612 definitus
1033 2569 1072 2612 ex
1096 2549 1201 2632 ipsius
1218 2550 1265 2614 rei

202 2673 330 2737 ratione
355 2673 422 2757 peti
447 2671 580 2736 debeat:
611 2694 652 2737 cx
675 2673 738 2736 hoc
763 2693 801 2736 eo
826 2671 946 2736 clarius
971 2673 1130 2756 sequitur.
1157 2679 1195 2737 ut
1210 2673 1267 2738 illa

202 2804 309 2862 aetate
334 2798 368 2860 in
393 2797 582 2862 connnnnis
610 2798 773 2861 sermonis
797 2796 1039 2862 consuetudine
1063 2799 1117 2863 hic
1142 2806 1265 2883 tempo-

204 2943 277 2986 rmn
304 2943 385 2986 nsns
409 2925 625 2986 continnetns
648 2923 753 2986 t'nerit
776 2923 922 3014 satisque
947 2921 1009 2986 sibi
1034 2922 1227 2987 constiterit.

312 3047 410 3124 Quod
446 3069 522 3112 cum
560 3048 641 3111 mihi
680 3047 795 3111 uidear
830 3046 1086 3126 demonstrasse,
1120 3050 1265 3114 conferri
1346 3092 1348 3096 ψ

206 3173 304 3237 iubeo
328 3173 419 3236 hnnc
444 3194 542 3236 nsum
568 3193 645 3236 cmn
670 3173 725 3236 illo
750 3172 839 3256 apud
865 3173 1062 3258 posteriores
1080 3174 1159 3238 setis
1176 3179 1264 3251 note,

204 3319 271 3381 qno
296 3297 421 3361 dictnm
448 3298 504 3361 sit:
530 3321 614 3380 cmc,
640 3297 712 3362 sed:
737 3321 776 3363 oe
799 3299 978 3363 strictioris:
1000 3320 1112 3362 nonne
1128 3298 1265 3382 cogitari

204 3430 322 3508 potest,
359 3422 471 3506 sliqno
509 3422 606 3486 modo
641 3422 728 3487 intor
763 3445 798 3486 se
833 3423 1009 3487 cohaerere
1036 3423 1119 3487 haec
1143 3444 1267 3508 genera

205 3548 353 3612 dicendi:

417 3675 458 3738 do
483 3712 525 3719 —
548 3674 613 3739 sisi
637 3676 704 3756 doe,
733 3675 904 3756 capitatis

416 3822 454 3863 ne
478 3799 602 3863 dederis
624 3836 666 3844 —
691 3799 720 3862 st'
743 3799 875 3882 dederis,
900 3800 1080 3881 ccmzdadis.

205 3923 279 3987 Non
311 3923 358 3987 its
381 3923 454 3987 dico
478 3923 541 3987 11οο
566 3931 599 3986 et
621 3921 704 3986 illud
728 3923 913 3988 collaerere.
941 3931 977 3986 nt
1000 3945 1040 3986 ex
1065 3923 1167 3987 altero
1191 3923 1268 3988 elte-

206 4070 280 4111 rum
314 4049 356 4112 sit
388 4049 592 4113 arcessitum.
619 4047 675 4111 sed
701 4048 747 4111 ita
770 4054 808 4110 nt
832 4069 872 4111 ex
896 4048 1002 4111 futuri
1027 4054 1060 4111 ct
1082 4048 1267 4132 praesentis

205 4173 239 4236 ni
264 4195 394 4256 nannc
419 4173 537 4237 eedem
561 4172 689 4236 ratione
714 4179 746 4236 et
768 4173 831 4236 hoc
856 4179 888 4236 et
911 4171 994 4236 illud
1017 4173 1196 4255 repetitum
1214 4172 1264 4236 sit.
