<?xml version="1.0" encoding="UTF-8"?>
<!DOCTYPE html PUBLIC "-//W3C//DTD XHTML 1.0 Transitional//EN"
    "http://www.w3.org/TR/xhtml1/DTD/xhtml1-transitional.dtd">
<html xmlns="http://www.w3.org/1999/xhtml" xml:lang="en" lang="en">
 <head>
  <title>
</title>
<meta http-equiv="Content-Type" content="text/html;charset=utf-8" />
  <meta name='ocr-system' content='tesseract 3.04.00' />
  <meta name='ocr-capabilities' content='ocr_page ocr_carea ocr_par ocr_line ocrx_word'/>
</head>
<body>
  <div class='ocr_page' id='page_1' title='image "./deenuntiatisapu00lindgoog_0086.png"; bbox 0 0 2946 4936; ppageno 0'>
   <div class='ocr_carea' id='block_1_1' title="bbox 688 618 727 684">
    <p class='ocr_par' dir='ltr' id='par_1_1' title="bbox 688 618 727 684">
     <span class='ocr_line' id='line_1_1' title="bbox 688 618 727 684; baseline 0 0"><span class='ocrx_word' id='word_1_1' title='bbox 688 618 727 684; x_wconf 78' lang='lat' dir='ltr'>il</span> 
     </span>
    </p>
   </div>
   <div class='ocr_carea' id='block_1_2' title="bbox 179 794 1245 1759">
    <p class='ocr_par' dir='ltr' id='par_1_2' title="bbox 179 794 1243 1256">
     <span class='ocr_line' id='line_1_2' title="bbox 179 794 1240 882; baseline -0.003 -19"><span class='ocrx_word' id='word_1_2' title='bbox 179 798 215 863; x_wconf 93' lang='lat' dir='ltr'>in</span> <span class='ocrx_word' id='word_1_3' title='bbox 231 799 331 863; x_wconf 89' lang='lat' dir='ltr'>Baeh.</span> <span class='ocrx_word' id='word_1_4' title='bbox 357 799 431 865; x_wconf 70' lang='lat'>529.</span> <span class='ocrx_word' id='word_1_5' title='bbox 458 799 592 863; x_wconf 89' lang='lat' dir='ltr'>Phorm.</span> <span class='ocrx_word' id='word_1_6' title='bbox 620 800 703 882; x_wconf 78' lang='lat'>899).</span> <span class='ocrx_word' id='word_1_7' title='bbox 723 798 765 862; x_wconf 88' lang='lat' dir='ltr'>ad</span> <span class='ocrx_word' id='word_1_8' title='bbox 779 797 1104 862; x_wconf 83' lang='lat' dir='ltr'>similitudinemex.</span> <span class='ocrx_word' id='word_1_9' title='bbox 1123 822 1149 860; x_wconf 84' lang='lat' dir='ltr'>e.</span> <span class='ocrx_word' id='word_1_10' title='bbox 1165 794 1240 860; x_wconf 80' lang='lat' dir='ltr'>Aul.</span> 
     </span>
     <span class='ocr_line' id='line_1_3' title="bbox 183 923 1243 1010; baseline -0.002 -22"><span class='ocrx_word' id='word_1_11' title='bbox 183 926 244 989; x_wconf 77' lang='lat'>176</span> <span class='ocrx_word' id='word_1_12' title='bbox 268 927 337 1007; x_wconf 71' lang='lat' dir='ltr'>Epo</span> <span class='ocrx_word' id='word_1_13' title='bbox 353 929 537 989; x_wconf 66' lang='lat' dir='ltr'>conuentum</span> <span class='ocrx_word' id='word_1_14' title='bbox 550 925 733 989; x_wconf 72' lang='lat' dir='ltr'><em>Euclionem</em></span> <span class='ocrx_word' id='word_1_15' title='bbox 747 927 775 987; x_wconf 84' lang='lat' dir='ltr'>si</span> <span class='ocrx_word' id='word_1_16' title='bbox 789 924 919 1009; x_wconf 60' lang='lat' dir='ltr'>detinet·</span> <span class='ocrx_word' id='word_1_17' title='bbox 937 923 1017 987; x_wconf 88' lang='lat' dir='ltr'>item</span> <span class='ocrx_word' id='word_1_18' title='bbox 1031 923 1139 1010; x_wconf 80' lang='lat' dir='ltr'>nidere</span> <span class='ocrx_word' id='word_1_19' title='bbox 1151 923 1243 986; x_wconf 89' lang='lat' dir='ltr'>abso·</span> 
     </span>
     <span class='ocr_line' id='line_1_4' title="bbox 179 1047 1243 1135; baseline -0.001 -23"><span class='ocrx_word' id='word_1_20' title='bbox 179 1048 248 1113; x_wconf 86' lang='lat' dir='ltr'>lute</span> <span class='ocrx_word' id='word_1_21' title='bbox 272 1048 427 1133; x_wconf 84' lang='lat' dir='ltr'>usurpari</span> <span class='ocrx_word' id='word_1_22' title='bbox 450 1048 712 1135; x_wconf 74' lang='lat' dir='ltr'>(=olvertanl&lt;a</span> <span class='ocrx_word' id='word_1_23' title='bbox 736 1048 848 1116; x_wconf 77' lang='lat' dir='ltr'>saken.</span> <span class='ocrx_word' id='word_1_24' title='bbox 876 1047 1028 1135; x_wconf 84' lang='lat' dir='ltr'>betrakta</span> <span class='ocrx_word' id='word_1_25' title='bbox 1051 1048 1171 1112; x_wconf 87' lang='lat' dir='ltr'>saken:</span> <span class='ocrx_word' id='word_1_26' title='bbox 1197 1051 1243 1114; x_wconf 83' lang='lat' dir='ltr'>si:</span> 
     </span>
     <span class='ocr_line' id='line_1_5' title="bbox 184 1171 1241 1256; baseline 0.006 -25"><span class='ocrx_word' id='word_1_27' title='bbox 184 1173 253 1238; x_wconf 70' lang='lat' dir='ltr'>«lor</span> <span class='ocrx_word' id='word_1_28' title='bbox 275 1173 340 1237; x_wconf 82' lang='lat' dir='ltr'>‹len</span> <span class='ocrx_word' id='word_1_29' title='bbox 365 1172 533 1239; x_wconf 73' lang='lat' dir='ltr'>hairdelse.</span> <span class='ocrx_word' id='word_1_30' title='bbox 560 1180 608 1237; x_wconf 87' lang='lat' dir='ltr'>att</span> <span class='ocrx_word' id='word_1_31' title='bbox 632 1173 696 1236; x_wconf 84' lang='lat' dir='ltr'>‹len</span> <span class='ocrx_word' id='word_1_32' title='bbox 722 1171 829 1236; x_wconf 88' lang='lat' dir='ltr'>skulle</span> <span class='ocrx_word' id='word_1_33' title='bbox 853 1171 932 1236; x_wconf 83' lang='lat' dir='ltr'>ialla</span> <span class='ocrx_word' id='word_1_34' title='bbox 957 1171 1015 1255; x_wconf 83' lang='lat' dir='ltr'>dig</span> <span class='ocrx_word' id='word_1_35' title='bbox 1030 1172 1042 1235; x_wconf 94' lang='lat' dir='ltr'>i</span> <span class='ocrx_word' id='word_1_36' title='bbox 1058 1173 1241 1256; x_wconf 80' lang='lat' dir='ltr'>smakem).</span> 
     </span>
    </p>

    <p class='ocr_par' dir='ltr' id='par_1_3' title="bbox 181 1296 1245 1759">
     <span class='ocr_line' id='line_1_6' title="bbox 286 1296 1243 1387; baseline -0.002 -23"><span class='ocrx_word' id='word_1_37' title='bbox 286 1299 333 1364; x_wconf 91' lang='lat' dir='ltr'>Ut</span> <span class='ocrx_word' id='word_1_38' title='bbox 356 1299 422 1363; x_wconf 90' lang='lat' dir='ltr'>iam</span> <span class='ocrx_word' id='word_1_39' title='bbox 448 1319 549 1383; x_wconf 85' lang='lat' dir='ltr'>supra</span> <span class='ocrx_word' id='word_1_40' title='bbox 574 1297 652 1363; x_wconf 85' lang='lat' dir='ltr'>dixi.</span> <span class='ocrx_word' id='word_1_41' title='bbox 682 1299 718 1362; x_wconf 91' lang='lat' dir='ltr'>in</span> <span class='ocrx_word' id='word_1_42' title='bbox 742 1298 889 1387; x_wconf 78' lang='lat' dir='ltr'>Terentii</span> <span class='ocrx_word' id='word_1_43' title='bbox 915 1296 977 1361; x_wconf 84' lang='lat' dir='ltr'>Ad.</span> <span class='ocrx_word' id='word_1_44' title='bbox 1003 1300 1068 1361; x_wconf 62' lang='lat'>:349</span> <span class='ocrx_word' id='word_1_45' title='bbox 1092 1320 1176 1362; x_wconf 80' lang='lat' dir='ltr'>none</span> <span class='ocrx_word' id='word_1_46' title='bbox 1199 1321 1243 1362; x_wconf 86' lang='lat' dir='ltr'>re·</span> 
     </span>
     <span class='ocr_line' id='line_1_7' title="bbox 181 1423 1245 1511; baseline -0.003 -23"><span class='ocrx_word' id='word_1_47' title='bbox 181 1425 253 1490; x_wconf 81' lang='lat' dir='ltr'>deo:</span> <span class='ocrx_word' id='word_1_48' title='bbox 275 1425 309 1511; x_wconf 55' lang='lat' dir='ltr'>si¹</span> <span class='ocrx_word' id='word_1_49' title='bbox 326 1425 409 1506; x_wconf 81' lang='lat' dir='ltr'>forte</span> <span class='ocrx_word' id='word_1_50' title='bbox 431 1427 542 1509; x_wconf 79' lang='lat' dir='ltr'>frater</span> <span class='ocrx_word' id='word_1_51' title='bbox 571 1424 702 1489; x_wconf 40' lang='lat' dir='ltr'>*redierit</span> <span class='ocrx_word' id='word_1_52' title='bbox 726 1423 794 1487; x_wconf 77' lang='lat' dir='ltr'>rriso</span> <span class='ocrx_word' id='word_1_53' title='bbox 817 1443 878 1507; x_wconf 89' lang='lat' dir='ltr'>pro</span> <span class='ocrx_word' id='word_1_54' title='bbox 902 1423 1117 1487; x_wconf 88' lang='lat' dir='ltr'>eoniunetiuo</span> <span class='ocrx_word' id='word_1_55' title='bbox 1141 1423 1245 1487; x_wconf 88' lang='lat' dir='ltr'>habu-</span> 
     </span>
     <span class='ocr_line' id='line_1_8' title="bbox 181 1547 1242 1632; baseline -0.001 -20"><span class='ocrx_word' id='word_1_56' title='bbox 181 1556 279 1613; x_wconf 89' lang='lat' dir='ltr'>erunt</span> <span class='ocrx_word' id='word_1_57' title='bbox 312 1549 377 1614; x_wconf 88' lang='lat' dir='ltr'>uiri</span> <span class='ocrx_word' id='word_1_58' title='bbox 412 1549 500 1614; x_wconf 87' lang='lat' dir='ltr'>doeti</span> <span class='ocrx_word' id='word_1_59' title='bbox 536 1549 678 1614; x_wconf 86' lang='lat' dir='ltr'>uerbum</span> <span class='ocrx_word' id='word_1_60' title='bbox 702 1549 834 1613; x_wconf 79' lang='lat' dir='ltr'>redierit</span> <span class='ocrx_word' id='word_1_61' title='bbox 857 1549 900 1632; x_wconf 90' lang='lat' dir='ltr'>(u.</span> <span class='ocrx_word' id='word_1_62' title='bbox 927 1549 1053 1612; x_wconf 84' lang='lat' dir='ltr'>Beoker</span> <span class='ocrx_word' id='word_1_63' title='bbox 1076 1549 1095 1612; x_wconf 90' lang='lat' dir='ltr'>l.</span> <span class='ocrx_word' id='word_1_64' title='bbox 1121 1547 1141 1611; x_wconf 92' lang='lat' dir='ltr'>l.</span> <span class='ocrx_word' id='word_1_65' title='bbox 1167 1569 1242 1631; x_wconf 84' lang='lat' dir='ltr'>pag.</span> 
     </span>
     <span class='ocr_line' id='line_1_9' title="bbox 183 1673 1243 1759; baseline -0.001 -23"><span class='ocrx_word' id='word_1_66' title='bbox 183 1675 265 1759; x_wconf 73' lang='lat' dir='ltr'>ltro).</span> <span class='ocrx_word' id='word_1_67' title='bbox 314 1674 414 1750; x_wconf 73' lang='lat' dir='ltr'>Quor-1</span> <span class='ocrx_word' id='word_1_68' title='bbox 438 1695 648 1758; x_wconf 85' lang='lat' dir='ltr'>quamquam</span> <span class='ocrx_word' id='word_1_69' title='bbox 672 1694 740 1738; x_wconf 90' lang='lat' dir='ltr'>non</span> <span class='ocrx_word' id='word_1_70' title='bbox 765 1693 899 1738; x_wconf 84' lang='lat' dir='ltr'>neeesse</span> <span class='ocrx_word' id='word_1_71' title='bbox 919 1680 976 1738; x_wconf 85' lang='lat' dir='ltr'>est.</span> <span class='ocrx_word' id='word_1_72' title='bbox 996 1694 1074 1737; x_wconf 83' lang='lat' dir='ltr'>ernn</span> <span class='ocrx_word' id='word_1_73' title='bbox 1091 1673 1243 1736; x_wconf 86' lang='lat' dir='ltr'>loturum</span> 
     </span>
    </p>
   </div>
   <div class='ocr_carea' id='block_1_3' title="bbox 181 1796 1242 1883">
    <p class='ocr_par' dir='ltr' id='par_1_4' title="bbox 181 1796 1242 1883">
     <span class='ocr_line' id='line_1_10' title="bbox 181 1796 1242 1883; baseline 0 -21"><span class='ocrx_word' id='word_1_74' title='bbox 181 1807 334 1863; x_wconf 81' lang='lat' dir='ltr'>exactum</span> <span class='ocrx_word' id='word_1_75' title='bbox 372 1820 442 1863; x_wconf 85' lang='lat' dir='ltr'>esse</span> <span class='ocrx_word' id='word_1_76' title='bbox 479 1799 590 1883; x_wconf 75' lang='lat' dir='ltr'>possit,</span> <span class='ocrx_word' id='word_1_77' title='bbox 629 1805 742 1862; x_wconf 90' lang='lat' dir='ltr'>tamen</span> <span class='ocrx_word' id='word_1_78' title='bbox 778 1804 891 1861; x_wconf 79' lang='lat' dir='ltr'>utrum</span> <span class='ocrx_word' id='word_1_79' title='bbox 928 1798 991 1862; x_wconf 81' lang='lat' dir='ltr'>hor</span> <span class='ocrx_word' id='word_1_80' title='bbox 1013 1820 1058 1881; x_wconf 84' lang='lat' dir='ltr'>an</span> <span class='ocrx_word' id='word_1_81' title='bbox 1082 1797 1165 1861; x_wconf 87' lang='lat' dir='ltr'>illud</span> <span class='ocrx_word' id='word_1_82' title='bbox 1190 1796 1242 1863; x_wconf 87' lang='lat' dir='ltr'>sit.</span> 
     </span>
    </p>
   </div>
   <div class='ocr_carea' id='block_1_4' title="bbox 180 1920 1274 3252">
    <p class='ocr_par' dir='ltr' id='par_1_5' title="bbox 180 1920 1246 2755">
     <span class='ocr_line' id='line_1_11' title="bbox 180 1920 1244 2012; baseline -0.003 -24"><span class='ocrx_word' id='word_1_83' title='bbox 180 1945 241 2008; x_wconf 89' lang='lat' dir='ltr'>pro</span> <span class='ocrx_word' id='word_1_84' title='bbox 276 1930 365 1988; x_wconf 85' lang='lat' dir='ltr'>certo</span> <span class='ocrx_word' id='word_1_85' title='bbox 400 1931 544 1989; x_wconf 81' lang='lat' dir='ltr'>statuere</span> <span class='ocrx_word' id='word_1_86' title='bbox 581 1924 719 1987; x_wconf 88' lang='lat' dir='ltr'>minime</span> <span class='ocrx_word' id='word_1_87' title='bbox 754 1922 867 2012; x_wconf 86' lang='lat' dir='ltr'>uelim.</span> <span class='ocrx_word' id='word_1_88' title='bbox 916 1922 1004 1986; x_wconf 89' lang='lat' dir='ltr'>Nam</span> <span class='ocrx_word' id='word_1_89' title='bbox 1039 1943 1118 1986; x_wconf 85' lang='lat' dir='ltr'>eum</span> <span class='ocrx_word' id='word_1_90' title='bbox 1153 1920 1244 2006; x_wconf 90' lang='lat' dir='ltr'>apud</span> 
     </span>
     <span class='ocr_line' id='line_1_12' title="bbox 180 2046 1244 2132; baseline -0.003 -20"><span class='ocrx_word' id='word_1_91' title='bbox 180 2047 337 2113; x_wconf 86' lang='lat' dir='ltr'>Plautum</span> <span class='ocrx_word' id='word_1_92' title='bbox 364 2046 440 2112; x_wconf 85' lang='lat' dir='ltr'>talia</span> <span class='ocrx_word' id='word_1_93' title='bbox 464 2047 624 2132; x_wconf 90' lang='lat' dir='ltr'>loquendi</span> <span class='ocrx_word' id='word_1_94' title='bbox 640 2068 772 2131; x_wconf 85' lang='lat' dir='ltr'>genera.</span> <span class='ocrx_word' id='word_1_95' title='bbox 799 2047 857 2111; x_wconf 86' lang='lat' dir='ltr'>ubi</span> <span class='ocrx_word' id='word_1_96' title='bbox 881 2049 910 2112; x_wconf 80' lang='lat' dir='ltr'>si</span> <span class='ocrx_word' id='word_1_97' title='bbox 934 2048 969 2110; x_wconf 91' lang='lat' dir='ltr'>ui</span> <span class='ocrx_word' id='word_1_98' title='bbox 983 2047 1244 2131; x_wconf 80' lang='lat' dir='ltr'>interrogatiuao</span> 
     </span>
     <span class='ocr_line' id='line_1_13' title="bbox 182 2171 1244 2257; baseline 0 -23"><span class='ocrx_word' id='word_1_99' title='bbox 182 2171 364 2257; x_wconf 72' lang='lat' dir='ltr'>particulae</span> <span class='ocrx_word' id='word_1_100' title='bbox 399 2171 591 2256; x_wconf 87' lang='lat' dir='ltr'>praeditum</span> <span class='ocrx_word' id='word_1_101' title='bbox 625 2172 675 2236; x_wconf 90' lang='lat' dir='ltr'>sit.</span> <span class='ocrx_word' id='word_1_102' title='bbox 716 2192 783 2235; x_wconf 87' lang='lat' dir='ltr'>non</span> <span class='ocrx_word' id='word_1_103' title='bbox 813 2171 1038 2237; x_wconf 73' lang='lat' dir='ltr'>irnreniamns,</span> <span class='ocrx_word' id='word_1_104' title='bbox 1071 2171 1162 2256; x_wconf 90' lang='lat' dir='ltr'>apud</span> <span class='ocrx_word' id='word_1_105' title='bbox 1186 2171 1244 2235; x_wconf 83' lang='lat' dir='ltr'>Te·</span> 
     </span>
     <span class='ocr_line' id='line_1_14' title="bbox 181 2272 1244 2381; baseline -0.003 -20"><span class='ocrx_word' id='word_1_106' title='bbox 181 2297 328 2378; x_wconf 87' lang='lat' dir='ltr'>rentium</span> <span class='ocrx_word' id='word_1_107' title='bbox 352 2297 418 2360; x_wconf 89' lang='lat' dir='ltr'>iam</span> <span class='ocrx_word' id='word_1_108' title='bbox 444 2296 614 2381; x_wconf 73' lang='lat' dir='ltr'>paulisper</span> <span class='ocrx_word' id='word_1_109' title='bbox 637 2317 718 2360; x_wconf 87' lang='lat' dir='ltr'>usus</span> <span class='ocrx_word' id='word_1_110' title='bbox 741 2296 789 2360; x_wconf 90' lang='lat' dir='ltr'>ita</span> <span class='ocrx_word' id='word_1_111' title='bbox 814 2272 1012 2380; x_wconf 78' lang='lat' dir='ltr'>processisse</span> <span class='ocrx_word' id='word_1_112' title='bbox 1036 2295 1179 2363; x_wconf 80' lang='lat' dir='ltr'>uidetur,</span> <span class='ocrx_word' id='word_1_113' title='bbox 1206 2303 1244 2359; x_wconf 86' lang='lat' dir='ltr'>ut</span> 
     </span>
     <span class='ocr_line' id='line_1_15' title="bbox 181 2419 1245 2516; baseline -0.004 -31"><span class='ocrx_word' id='word_1_114' title='bbox 181 2442 350 2516; x_wconf 82' lang='lat' dir='ltr'>perpauca</span> <span class='ocrx_word' id='word_1_115' title='bbox 385 2422 539 2506; x_wconf 86' lang='lat' dir='ltr'>exempla</span> <span class='ocrx_word' id='word_1_116' title='bbox 569 2421 659 2505; x_wconf 90' lang='lat' dir='ltr'>apud</span> <span class='ocrx_word' id='word_1_117' title='bbox 684 2443 762 2485; x_wconf 90' lang='lat' dir='ltr'>eum</span> <span class='ocrx_word' id='word_1_118' title='bbox 787 2421 862 2485; x_wconf 86' lang='lat' dir='ltr'>sint.</span> <span class='ocrx_word' id='word_1_119' title='bbox 889 2421 1012 2504; x_wconf 86' lang='lat' dir='ltr'>quibus</span> <span class='ocrx_word' id='word_1_120' title='bbox 1036 2419 1079 2484; x_wconf 90' lang='lat' dir='ltr'>ad</span> <span class='ocrx_word' id='word_1_121' title='bbox 1104 2420 1173 2483; x_wconf 90' lang='lat' dir='ltr'>uim</span> <span class='ocrx_word' id='word_1_122' title='bbox 1200 2420 1245 2513; x_wconf 76' lang='lat' dir='ltr'>irr-</span> 
     </span>
     <span class='ocr_line' id='line_1_16' title="bbox 181 2544 1244 2632; baseline -0.001 -23"><span class='ocrx_word' id='word_1_123' title='bbox 181 2545 420 2630; x_wconf 84' lang='lat' dir='ltr'>terrogatinam</span> <span class='ocrx_word' id='word_1_124' title='bbox 444 2547 512 2610; x_wconf 84' lang='lat' dir='ltr'>fere</span> <span class='ocrx_word' id='word_1_125' title='bbox 537 2545 673 2610; x_wconf 79' lang='lat' dir='ltr'>secedat</span> <span class='ocrx_word' id='word_1_126' title='bbox 703 2545 844 2630; x_wconf 89' lang='lat' dir='ltr'>protasis</span> <span class='ocrx_word' id='word_1_127' title='bbox 869 2554 902 2609; x_wconf 87' lang='lat' dir='ltr'>et</span> <span class='ocrx_word' id='word_1_128' title='bbox 926 2544 1089 2629; x_wconf 68' lang='lat' dir='ltr'>particula</span> <span class='ocrx_word' id='word_1_129' title='bbox 1113 2566 1173 2628; x_wconf 88' lang='lat' dir='ltr'>pro</span> <span class='ocrx_word' id='word_1_130' title='bbox 1199 2545 1244 2632; x_wconf 87' lang='lat' dir='ltr'>in-</span> 
     </span>
     <span class='ocr_line' id='line_1_17' title="bbox 181 2669 1246 2755; baseline -0.002 -21"><span class='ocrx_word' id='word_1_131' title='bbox 181 2671 385 2755; x_wconf 88' lang='lat' dir='ltr'>terrogatina</span> <span class='ocrx_word' id='word_1_132' title='bbox 418 2669 576 2734; x_wconf 77' lang='lat' dir='ltr'>facillime</span> <span class='ocrx_word' id='word_1_133' title='bbox 611 2670 803 2754; x_wconf 67' lang='lat' dir='ltr'>accipiatur.</span> <span class='ocrx_word' id='word_1_134' title='bbox 851 2670 929 2734; x_wconf 84' lang='lat' dir='ltr'>Tria</span> <span class='ocrx_word' id='word_1_135' title='bbox 965 2669 1160 2734; x_wconf 87' lang='lat' dir='ltr'>huiusmodi</span> <span class='ocrx_word' id='word_1_136' title='bbox 1193 2693 1246 2753; x_wconf 83' lang='lat' dir='ltr'>ex-¹</span> 
     </span>
    </p>

    <p class='ocr_par' dir='ltr' id='par_1_6' title="bbox 181 2793 653 2880">
     <span class='ocr_line' id='line_1_18' title="bbox 181 2793 653 2880; baseline 0 -22"><span class='ocrx_word' id='word_1_137' title='bbox 181 2793 293 2880; x_wconf 87' lang='lat' dir='ltr'>empla</span> <span class='ocrx_word' id='word_1_138' title='bbox 315 2793 441 2861; x_wconf 80' lang='lat' dir='ltr'>inueni.</span> <span class='ocrx_word' id='word_1_139' title='bbox 468 2794 553 2858; x_wconf 82' lang='lat' dir='ltr'>Eun.</span> <span class='ocrx_word' id='word_1_140' title='bbox 580 2797 653 2858; x_wconf 72' lang='lat'><strong>838.</strong></span> 
     </span>
    </p>

    <p class='ocr_par' dir='ltr' id='par_1_7' title="bbox 293 2919 1169 3002">
     <span class='ocr_line' id='line_1_19' title="bbox 293 2919 1169 3002; baseline -0.003 -15"><span class='ocrx_word' id='word_1_141' title='bbox 293 2919 374 2987; x_wconf 79' lang='lat' dir='ltr'>Uirle</span> <span class='ocrx_word' id='word_1_142' title='bbox 397 2922 517 3002; x_wconf 76' lang='lat' dir='ltr'>aninlo,</span> <span class='ocrx_word' id='word_1_143' title='bbox 541 2921 570 2984; x_wconf 79' lang='lat' dir='ltr'>si</span> <span class='ocrx_word' id='word_1_144' title='bbox 592 2941 665 3002; x_wconf 85' lang='lat' dir='ltr'>ooo,</span> <span class='ocrx_word' id='word_1_145' title='bbox 690 2942 758 2984; x_wconf 79' lang='lat' dir='ltr'>miri</span> <span class='ocrx_word' id='word_1_146' title='bbox 783 2920 931 3002; x_wconf 71' lang='lat' dir='ltr'>oepirioa</span> <span class='ocrx_word' id='word_1_147' title='bbox 957 2941 989 2984; x_wconf 79' lang='lat' dir='ltr'>os·</span> <span class='ocrx_word' id='word_1_148' title='bbox 1011 2920 1169 3001; x_wconf 21' lang='lat' dir='ltr'>&#39;inponens</span> 
     </span>
    </p>

    <p class='ocr_par' dir='ltr' id='par_1_8' title="bbox 296 3043 1213 3130">
     <span class='ocr_line' id='line_1_20' title="bbox 296 3043 1213 3130; baseline 0 -21"><span class='ocrx_word' id='word_1_149' title='bbox 296 3043 446 3109; x_wconf 75' lang='lat' dir='ltr'>Uiriatnr:</span> <span class='ocrx_word' id='word_1_150' title='bbox 468 3066 530 3108; x_wconf 85' lang='lat' dir='ltr'>non</span> <span class='ocrx_word' id='word_1_151' title='bbox 554 3050 622 3108; x_wconf 71' lang='lat' dir='ltr'>est?</span> <span class='ocrx_word' id='word_1_152' title='bbox 672 3046 750 3108; x_wconf 73' lang='lat' dir='ltr'>Turn</span> <span class='ocrx_word' id='word_1_153' title='bbox 776 3068 856 3125; x_wconf 72' lang='lat' dir='ltr'>pum</span> <span class='ocrx_word' id='word_1_154' title='bbox 880 3045 947 3108; x_wconf 81' lang='lat' dir='ltr'>eins</span> <span class='ocrx_word' id='word_1_155' title='bbox 971 3045 1213 3130; x_wconf 72' lang='lat' dir='ltr'>confidentiast?</span> 
     </span>
    </p>

    <p class='ocr_par' dir='ltr' id='par_1_9' title="bbox 341 3167 1274 3252">
     <span class='ocr_line' id='line_1_21' title="bbox 341 3167 1274 3252; baseline 0.001 -20"><span class='ocrx_word' id='word_1_156' title='bbox 341 3174 372 3232; x_wconf 90' lang='lat' dir='ltr'>et</span> <span class='ocrx_word' id='word_1_157' title='bbox 398 3167 453 3231; x_wconf 90' lang='lat' dir='ltr'>illa</span> <span class='ocrx_word' id='word_1_158' title='bbox 476 3168 639 3252; x_wconf 87' lang='lat' dir='ltr'>exempla.</span> <span class='ocrx_word' id='word_1_159' title='bbox 666 3189 809 3252; x_wconf 89' lang='lat' dir='ltr'>quorum</span> <span class='ocrx_word' id='word_1_160' title='bbox 834 3169 867 3231; x_wconf 90' lang='lat' dir='ltr'>in</span> <span class='ocrx_word' id='word_1_161' title='bbox 886 3169 1009 3252; x_wconf 77' lang='lat' dir='ltr'>protasi</span> <span class='ocrx_word' id='word_1_162' title='bbox 1027 3167 1169 3231; x_wconf 88' lang='lat' dir='ltr'>uerlnun</span> <span class='ocrx_word' id='word_1_163' title='bbox 1187 3168 1245 3231; x_wconf 90' lang='lat' dir='ltr'>mi-</span> <span class='ocrx_word' id='word_1_164' title='bbox 1271 3224 1274 3233; x_wconf 80' lang='grc'>,</span> 
     </span>
    </p>
   </div>
   <div class='ocr_carea' id='block_1_5' title="bbox 89 3291 679 3378">
    <p class='ocr_par' dir='ltr' id='par_1_10' title="bbox 89 3291 679 3378">
     <span class='ocr_line' id='line_1_22' title="bbox 89 3291 679 3378; baseline 0 -22"><span class='ocrx_word' id='word_1_165' title='bbox 89 3294 92 3299; x_wconf 78' lang='grc'><strong>’</strong></span> <span class='ocrx_word' id='word_1_166' title='bbox 181 3291 278 3356; x_wconf 89' lang='lat' dir='ltr'>randi</span> <span class='ocrx_word' id='word_1_167' title='bbox 302 3291 424 3378; x_wconf 86' lang='lat' dir='ltr'>legitur</span> <span class='ocrx_word' id='word_1_168' title='bbox 447 3294 490 3377; x_wconf 90' lang='lat' dir='ltr'>(u.</span> <span class='ocrx_word' id='word_1_169' title='bbox 516 3314 590 3376; x_wconf 87' lang='lat' dir='ltr'>pag.</span> <span class='ocrx_word' id='word_1_170' title='bbox 616 3292 679 3378; x_wconf 71' lang='lat'>⁴54).</span> 
     </span>
    </p>
   </div>
   <div class='ocr_carea' id='block_1_6' title="bbox 96 3416 1262 4502">
    <p class='ocr_par' dir='ltr' id='par_1_11' title="bbox 96 3416 1262 4502">
     <span class='ocr_line' id='line_1_23' title="bbox 181 3416 926 3500; baseline 0 -19"><span class='ocrx_word' id='word_1_171' title='bbox 181 3416 285 3482; x_wconf 86' lang='lat' dir='ltr'>Andr.</span> <span class='ocrx_word' id='word_1_172' title='bbox 314 3419 384 3482; x_wconf 67' lang='lat'>1723.</span> <span class='ocrx_word' id='word_1_173' title='bbox 433 3417 596 3500; x_wconf 76' lang='lat' dir='ltr'>Mirabar,</span> <span class='ocrx_word' id='word_1_174' title='bbox 621 3419 677 3482; x_wconf 76' lang='lat' dir='ltr'>lior</span> <span class='ocrx_word' id='word_1_175' title='bbox 700 3418 729 3482; x_wconf 81' lang='lat' dir='ltr'>si</span> <span class='ocrx_word' id='word_1_176' title='bbox 751 3418 797 3483; x_wconf 82' lang='lat' dir='ltr'>sir</span> <span class='ocrx_word' id='word_1_177' title='bbox 820 3421 926 3482; x_wconf 79' lang='lat' dir='ltr'>obiret.</span> 
     </span>
     <span class='ocr_line' id='line_1_24' title="bbox 180 3541 1244 3627; baseline -0.001 -21"><span class='ocrx_word' id='word_1_178' title='bbox 180 3541 314 3606; x_wconf 88' lang='lat' dir='ltr'>Phorm.</span> <span class='ocrx_word' id='word_1_179' title='bbox 338 3543 413 3607; x_wconf 77' lang='lat'>490.</span> <span class='ocrx_word' id='word_1_180' title='bbox 463 3543 625 3624; x_wconf 77' lang='lat' dir='ltr'>Mirabar,</span> <span class='ocrx_word' id='word_1_181' title='bbox 642 3543 672 3607; x_wconf 83' lang='lat' dir='ltr'>si</span> <span class='ocrx_word' id='word_1_182' title='bbox 687 3551 720 3608; x_wconf 78' lang='lat' dir='ltr'>tn</span> <span class='ocrx_word' id='word_1_183' title='bbox 735 3543 813 3607; x_wconf 76' lang='lat' dir='ltr'>inihi</span> <span class='ocrx_word' id='word_1_184' title='bbox 825 3546 992 3624; x_wconf 76' lang='lat' dir='ltr'>q-oieoooo</span> <span class='ocrx_word' id='word_1_185' title='bbox 1003 3543 1148 3627; x_wconf 74' lang='lat' dir='ltr'>adsumes</span> <span class='ocrx_word' id='word_1_186' title='bbox 1159 3544 1244 3607; x_wconf 82' lang='lat' dir='ltr'>rroui.</span> 
     </span>
     <span class='ocr_line' id='line_1_25' title="bbox 288 3649 1245 3750; baseline -0.001 -19"><span class='ocrx_word' id='word_1_187' title='bbox 288 3667 342 3732; x_wconf 86' lang='lat' dir='ltr'>Ad</span> <span class='ocrx_word' id='word_1_188' title='bbox 377 3673 563 3731; x_wconf 83' lang='lat' dir='ltr'>extremum</span> <span class='ocrx_word' id='word_1_189' title='bbox 602 3666 808 3732; x_wconf 88' lang='lat' dir='ltr'>monendum</span> <span class='ocrx_word' id='word_1_190' title='bbox 846 3675 903 3732; x_wconf 88' lang='lat' dir='ltr'>est.</span> <span class='ocrx_word' id='word_1_191' title='bbox 937 3667 971 3730; x_wconf 82' lang='lat' dir='ltr'>io</span> <span class='ocrx_word' id='word_1_192' title='bbox 1003 3649 1093 3750; x_wconf 72' lang='lat' dir='ltr'>q&#39;uoo</span> <span class='ocrx_word' id='word_1_193' title='bbox 1118 3668 1184 3730; x_wconf 86' lang='lat' dir='ltr'>iam</span> <span class='ocrx_word' id='word_1_194' title='bbox 1211 3668 1245 3731; x_wconf 92' lang='lat' dir='ltr'>in</span> 
     </span>
     <span class='ocr_line' id='line_1_26' title="bbox 182 3791 1262 3877; baseline -0.002 -21"><span class='ocrx_word' id='word_1_195' title='bbox 182 3791 389 3877; x_wconf 84' lang='lat' dir='ltr'>praelatione</span> <span class='ocrx_word' id='word_1_196' title='bbox 413 3792 516 3876; x_wconf 82' lang='lat' dir='ltr'>attigi.</span> <span class='ocrx_word' id='word_1_197' title='bbox 543 3814 584 3855; x_wconf 91' lang='lat' dir='ltr'>ne</span> <span class='ocrx_word' id='word_1_198' title='bbox 608 3814 685 3856; x_wconf 86' lang='lat' dir='ltr'>eum</span> <span class='ocrx_word' id='word_1_199' title='bbox 711 3791 907 3876; x_wconf 84' lang='lat' dir='ltr'>simpliciter</span> <span class='ocrx_word' id='word_1_200' title='bbox 931 3791 1262 3875; x_wconf 77' lang='lat' dir='ltr'>ep1·imigeniasig-.</span> 
     </span>
     <span class='ocr_line' id='line_1_27' title="bbox 182 3915 1244 4007; baseline -0.003 -26"><span class='ocrx_word' id='word_1_201' title='bbox 182 3916 372 3981; x_wconf 74' lang='lat' dir='ltr'>sificatione</span> <span class='ocrx_word' id='word_1_202' title='bbox 397 3915 573 3981; x_wconf 75' lang='lat' dir='ltr'>cuiusdam</span> <span class='ocrx_word' id='word_1_203' title='bbox 598 3917 753 3981; x_wconf 80' lang='lat' dir='ltr'>uoealnrli</span> <span class='ocrx_word' id='word_1_204' title='bbox 779 3917 935 4007; x_wconf 82' lang='lat' dir='ltr'>expedire</span> <span class='ocrx_word' id='word_1_205' title='bbox 961 3917 1128 4000; x_wconf 86' lang='lat' dir='ltr'>possimus</span> <span class='ocrx_word' id='word_1_206' title='bbox 1145 3938 1244 3980; x_wconf 88' lang='lat' dir='ltr'>usum</span> 
     </span>
     <span class='ocr_line' id='line_1_28' title="bbox 96 4040 1245 4125; baseline -0.001 -20"><span class='ocrx_word' id='word_1_207' title='bbox 96 4075 99 4079; x_wconf 29' lang='lat' dir='ltr'>v</span> <span class='ocrx_word' id='word_1_208' title='bbox 182 4041 538 4125; x_wconf 77' lang='lat' dir='ltr'>eonsuetudinennpre.</span> <span class='ocrx_word' id='word_1_209' title='bbox 565 4041 607 4105; x_wconf 84' lang='lat' dir='ltr'>ad</span> <span class='ocrx_word' id='word_1_210' title='bbox 638 4041 854 4125; x_wconf 83' lang='lat' dir='ltr'>posteriorem</span> <span class='ocrx_word' id='word_1_211' title='bbox 879 4048 911 4105; x_wconf 91' lang='lat' dir='ltr'>et</span> <span class='ocrx_word' id='word_1_212' title='bbox 935 4040 1168 4105; x_wconf 81' lang='lat' dir='ltr'>secundariam</span> <span class='ocrx_word' id='word_1_213' title='bbox 1194 4063 1245 4104; x_wconf 88' lang='lat' dir='ltr'>ox-</span> 
     </span>
     <span class='ocr_line' id='line_1_29' title="bbox 115 4165 1245 4252; baseline -0.002 -22"><span class='ocrx_word' id='word_1_214' title='bbox 115 4200 119 4205; x_wconf 96' lang='lat'>·</span> <span class='ocrx_word' id='word_1_215' title='bbox 182 4166 395 4252; x_wconf 82' lang='lat' dir='ltr'>plicationem</span> <span class='ocrx_word' id='word_1_216' title='bbox 420 4167 637 4250; x_wconf 73' lang='lat' dir='ltr'>refugiamus,</span> <span class='ocrx_word' id='word_1_217' title='bbox 665 4165 849 4229; x_wconf 81' lang='lat' dir='ltr'>dummodo</span> <span class='ocrx_word' id='word_1_218' title='bbox 874 4187 927 4230; x_wconf 87' lang='lat' dir='ltr'>res</span> <span class='ocrx_word' id='word_1_219' title='bbox 952 4186 993 4229; x_wconf 90' lang='lat' dir='ltr'>ne</span> <span class='ocrx_word' id='word_1_220' title='bbox 1010 4171 1168 4230; x_wconf 79' lang='lat' dir='ltr'>coritorte.</span> <span class='ocrx_word' id='word_1_221' title='bbox 1188 4165 1245 4230; x_wconf 80' lang='lat' dir='ltr'>sal</span> 
     </span>
     <span class='ocr_line' id='line_1_30' title="bbox 181 4290 1245 4375; baseline -0.003 -19"><span class='ocrx_word' id='word_1_222' title='bbox 181 4313 199 4356; x_wconf 86' lang='lat' dir='ltr'>e</span> <span class='ocrx_word' id='word_1_223' title='bbox 224 4290 354 4375; x_wconf 81' lang='lat' dir='ltr'>legibus</span> <span class='ocrx_word' id='word_1_224' title='bbox 379 4290 632 4374; x_wconf 84' lang='lat' dir='ltr'>rationibusque</span> <span class='ocrx_word' id='word_1_225' title='bbox 657 4290 791 4374; x_wconf 78' lang='lat' dir='ltr'>linguae</span> <span class='ocrx_word' id='word_1_226' title='bbox 817 4297 905 4354; x_wconf 85' lang='lat' dir='ltr'>reete</span> <span class='ocrx_word' id='word_1_227' title='bbox 929 4296 961 4353; x_wconf 87' lang='lat' dir='ltr'>et</span> <span class='ocrx_word' id='word_1_228' title='bbox 985 4297 1098 4373; x_wconf 85' lang='lat' dir='ltr'>aperte</span> <span class='ocrx_word' id='word_1_229' title='bbox 1123 4291 1245 4374; x_wconf 84' lang='lat' dir='ltr'>exponi</span> 
     </span>
     <span class='ocr_line' id='line_1_31' title="bbox 180 4413 1245 4502; baseline 0 -24"><span class='ocrx_word' id='word_1_230' title='bbox 180 4423 302 4502; x_wconf 70' lang='lat' dir='ltr'>piasset.</span> <span class='ocrx_word' id='word_1_231' title='bbox 352 4415 448 4491; x_wconf 77' lang='lat' dir='ltr'>Quae</span> <span class='ocrx_word' id='word_1_232' title='bbox 484 4415 661 4500; x_wconf 67' lang='lat' dir='ltr'>explicatio</span> <span class='ocrx_word' id='word_1_233' title='bbox 695 4415 860 4499; x_wconf 85' lang='lat' dir='ltr'>imprimis</span> <span class='ocrx_word' id='word_1_234' title='bbox 885 4413 1052 4479; x_wconf 80' lang='lat' dir='ltr'>laudanda</span> <span class='ocrx_word' id='word_1_235' title='bbox 1079 4423 1137 4490; x_wconf 79' lang='lat' dir='ltr'>ost,</span> <span class='ocrx_word' id='word_1_236' title='bbox 1163 4415 1188 4477; x_wconf 84' lang='lat' dir='ltr'>si</span> <span class='ocrx_word' id='word_1_237' title='bbox 1215 4422 1245 4478; x_wconf 80' lang='lat' dir='ltr'>et</span> 
     </span>
    </p>
   </div>
   <div class='ocr_carea' id='block_1_7' title="bbox 0 0 1482 4936">
    <p class='ocr_par' dir='ltr' id='par_1_12' title="bbox 0 0 1482 4936">
     <span class='ocr_line' id='line_1_32' title="bbox 0 0 1482 4936; baseline 0 0"><span class='ocrx_word' id='word_1_238' title='bbox 0 0 1482 4936; x_wconf 95' lang='lat' dir='ltr'> </span> 
     </span>
    </p>
   </div>
  </div>
 </body>
</html>
