<?xml version="1.0" encoding="UTF-8"?>
<!DOCTYPE html PUBLIC "-//W3C//DTD XHTML 1.0 Transitional//EN"
    "http://www.w3.org/TR/xhtml1/DTD/xhtml1-transitional.dtd">
<html xmlns="http://www.w3.org/1999/xhtml" xml:lang="en" lang="en">
 <head>
  <title>
</title>
<meta http-equiv="Content-Type" content="text/html;charset=utf-8" />
  <meta name='ocr-system' content='tesseract 3.04.00' />
  <meta name='ocr-capabilities' content='ocr_page ocr_carea ocr_par ocr_line ocrx_word'/>
</head>
<body>
  <div class='ocr_page' id='page_1' title='image "./deenuntiatisapu00lindgoog_0027.png"; bbox 0 0 2946 4936; ppageno 0'>
   <div class='ocr_carea' id='block_1_1' title="bbox 714 332 752 396">
    <p class='ocr_par' dir='ltr' id='par_1_1' title="bbox 714 332 752 396">
     <span class='ocr_line' id='line_1_1' title="bbox 714 332 752 396; baseline -0.079 0"><span class='ocrx_word' id='word_1_1' title='bbox 714 332 752 396; x_wconf 70' lang='grc'>18</span> 
     </span>
    </p>
   </div>
   <div class='ocr_carea' id='block_1_2' title="bbox 203 513 1269 1846">
    <p class='ocr_par' dir='ltr' id='par_1_2' title="bbox 203 513 1269 1846">
     <span class='ocr_line' id='line_1_2' title="bbox 439 513 1093 579; baseline -0.003 -1"><span class='ocrx_word' id='word_1_2' title='bbox 439 514 575 579; x_wconf 69' lang='lat' dir='ltr'>Iuratus.</span> <span class='ocrx_word' id='word_1_3' title='bbox 604 515 655 578; x_wconf 78' lang='lat' dir='ltr'>oei</span> <span class='ocrx_word' id='word_1_4' title='bbox 678 514 782 578; x_wconf 71' lang='lat' dir='ltr'>istum</span> <span class='ocrx_word' id='word_1_5' title='bbox 805 514 876 579; x_wconf 74' lang='lat' dir='ltr'>ielis</span> <span class='ocrx_word' id='word_1_6' title='bbox 898 513 1093 578; x_wconf 70' lang='lat' dir='ltr'>institueritis</span> 
     </span>
     <span class='ocr_line' id='line_1_3' title="bbox 447 638 1267 721; baseline -0.004 -16"><span class='ocrx_word' id='word_1_7' title='bbox 447 640 550 720; x_wconf 73' lang='lat' dir='ltr'>Usque</span> <span class='ocrx_word' id='word_1_8' title='bbox 573 640 657 703; x_wconf 57' lang='grc' dir='ltr'>αάρο.</span> <span class='ocrx_word' id='word_1_9' title='bbox 683 640 778 703; x_wconf 79' lang='lat' dir='ltr'>donec</span> <span class='ocrx_word' id='word_1_10' title='bbox 801 660 864 719; x_wconf 75' lang='lat' dir='ltr'>qua</span> <span class='ocrx_word' id='word_1_11' title='bbox 888 640 1011 703; x_wconf 67' lang='lat' dir='ltr'>cloacam</span> <span class='ocrx_word' id='word_1_12' title='bbox 1032 641 1122 703; x_wconf 71' lang='lat' dir='ltr'>alreut</span> <span class='ocrx_word' id='word_1_13' title='bbox 1137 638 1267 721; x_wconf 74' lang='lat' dir='ltr'>nesciat,</span> 
     </span>
     <span class='ocr_line' id='line_1_4' title="bbox 440 764 707 828; baseline -0.004 -1"><span class='ocrx_word' id='word_1_14' title='bbox 440 764 587 828; x_wconf 75' lang='lat' dir='ltr'>Prrr&#39;r&#39;slls</span> <span class='ocrx_word' id='word_1_15' title='bbox 609 765 707 827; x_wconf 78' lang='lat' dir='ltr'>ambo.</span> 
     </span>
     <span class='ocr_line' id='line_1_5' title="bbox 294 887 1268 974; baseline -0.001 -20"><span class='ocrx_word' id='word_1_16' title='bbox 294 889 368 974; x_wconf 61' lang='lat' dir='ltr'>[olai</span> <span class='ocrx_word' id='word_1_17' title='bbox 392 889 454 973; x_wconf 80' lang='lat' dir='ltr'>(nel</span> <span class='ocrx_word' id='word_1_18' title='bbox 479 888 603 951; x_wconf 84' lang='lat' dir='ltr'>Parcus</span> <span class='ocrx_word' id='word_1_19' title='bbox 629 888 729 952; x_wconf 78' lang='lat' dir='ltr'>laturre</span> <span class='ocrx_word' id='word_1_20' title='bbox 752 888 823 953; x_wconf 77' lang='lat' dir='ltr'>latia</span> <span class='ocrx_word' id='word_1_21' title='bbox 839 888 1059 952; x_wconf 74' lang='lat' dir='ltr'>Camerarius</span> <span class='ocrx_word' id='word_1_22' title='bbox 1077 911 1115 953; x_wconf 83' lang='lat' dir='ltr'>ue</span> <span class='ocrx_word' id='word_1_23' title='bbox 1134 887 1177 952; x_wconf 79' lang='lat' dir='ltr'>ila</span> <span class='ocrx_word' id='word_1_24' title='bbox 1193 893 1268 953; x_wconf 81' lang='lat' dir='ltr'>lunc</span> 
     </span>
     <span class='ocr_line' id='line_1_6' title="bbox 292 1011 1062 1098; baseline -0.003 -20"><span class='ocrx_word' id='word_1_25' title='bbox 292 1014 363 1079; x_wconf 76' lang='lat' dir='ltr'>ielis</span> <span class='ocrx_word' id='word_1_26' title='bbox 386 1014 421 1076; x_wconf 91' lang='lat' dir='ltr'>B.</span> <span class='ocrx_word' id='word_1_27' title='bbox 445 1036 484 1078; x_wconf 78' lang='lat' dir='ltr'>ue</span> <span class='ocrx_word' id='word_1_28' title='bbox 507 1013 550 1077; x_wconf 80' lang='lat' dir='ltr'>ile</span> <span class='ocrx_word' id='word_1_29' title='bbox 573 1019 646 1077; x_wconf 72' lang='lat' dir='ltr'>torric</span> <span class='ocrx_word' id='word_1_30' title='bbox 669 1011 736 1076; x_wconf 83' lang='lat' dir='ltr'>Ol).</span> <span class='ocrx_word' id='word_1_31' title='bbox 762 1014 827 1078; x_wconf 74' lang='lat' dir='ltr'>alsi</span> <span class='ocrx_word' id='word_1_32' title='bbox 850 1013 895 1078; x_wconf 66' lang='lat' dir='ltr'>sic</span> <span class='ocrx_word' id='word_1_33' title='bbox 918 1020 992 1079; x_wconf 81' lang='lat' dir='ltr'>tunc</span> <span class='ocrx_word' id='word_1_34' title='bbox 1015 1013 1062 1098; x_wconf 67' lang='lat' dir='ltr'>R]</span> 
     </span>
     <span class='ocr_line' id='line_1_7' title="bbox 311 1136 1268 1222; baseline 0.001 -21"><span class='ocrx_word' id='word_1_35' title='bbox 311 1138 349 1201; x_wconf 95' lang='lat' dir='ltr'>ln</span> <span class='ocrx_word' id='word_1_36' title='bbox 374 1137 426 1202; x_wconf 89' lang='lat' dir='ltr'>his</span> <span class='ocrx_word' id='word_1_37' title='bbox 458 1136 623 1202; x_wconf 83' lang='lat' dir='ltr'>ambobus</span> <span class='ocrx_word' id='word_1_38' title='bbox 656 1137 819 1222; x_wconf 84' lang='lat' dir='ltr'>exemplis</span> <span class='ocrx_word' id='word_1_39' title='bbox 853 1137 1009 1222; x_wconf 77' lang='lat' dir='ltr'>perfacile</span> <span class='ocrx_word' id='word_1_40' title='bbox 1033 1138 1190 1202; x_wconf 83' lang='lat' dir='ltr'>futurum</span> <span class='ocrx_word' id='word_1_41' title='bbox 1214 1158 1268 1211; x_wconf 66' lang='lat' dir='ltr'>ex7</span> 
     </span>
     <span class='ocr_line' id='line_1_8' title="bbox 203 1261 1268 1347; baseline 0.004 -22"><span class='ocrx_word' id='word_1_42' title='bbox 203 1263 355 1347; x_wconf 78' lang='lat' dir='ltr'>plicatur,</span> <span class='ocrx_word' id='word_1_43' title='bbox 388 1284 466 1327; x_wconf 86' lang='lat' dir='ltr'>curn</span> <span class='ocrx_word' id='word_1_44' title='bbox 502 1269 534 1326; x_wconf 88' lang='lat' dir='ltr'>et</span> <span class='ocrx_word' id='word_1_45' title='bbox 568 1262 603 1326; x_wconf 89' lang='lat' dir='ltr'>in</span> <span class='ocrx_word' id='word_1_46' title='bbox 627 1264 689 1326; x_wconf 89' lang='lat' dir='ltr'>hoc</span> <span class='ocrx_word' id='word_1_47' title='bbox 713 1263 804 1327; x_wconf 88' lang='lat' dir='ltr'>etin</span> <span class='ocrx_word' id='word_1_48' title='bbox 827 1261 884 1326; x_wconf 89' lang='lat' dir='ltr'>illo</span> <span class='ocrx_word' id='word_1_49' title='bbox 909 1284 987 1327; x_wconf 86' lang='lat' dir='ltr'>curn</span> <span class='ocrx_word' id='word_1_50' title='bbox 1010 1263 1076 1326; x_wconf 90' lang='lat' dir='ltr'>alia</span> <span class='ocrx_word' id='word_1_51' title='bbox 1100 1263 1268 1329; x_wconf 83' lang='lat' dir='ltr'>sententia</span> 
     </span>
     <span class='ocr_line' id='line_1_9' title="bbox 203 1387 1267 1472; baseline 0.003 -20"><span class='ocrx_word' id='word_1_52' title='bbox 203 1387 424 1452; x_wconf 81' lang='lat' dir='ltr'>condicionali</span> <span class='ocrx_word' id='word_1_53' title='bbox 449 1387 628 1452; x_wconf 87' lang='lat' dir='ltr'>coniuncta</span> <span class='ocrx_word' id='word_1_54' title='bbox 651 1388 694 1450; x_wconf 87' lang='lat' dir='ltr'>sit</span> <span class='ocrx_word' id='word_1_55' title='bbox 718 1409 756 1451; x_wconf 85' lang='lat' dir='ltr'>ea</span> <span class='ocrx_word' id='word_1_56' title='bbox 777 1387 928 1471; x_wconf 83' lang='lat' dir='ltr'>protasis.</span> <span class='ocrx_word' id='word_1_57' title='bbox 948 1408 1034 1471; x_wconf 87' lang='lat' dir='ltr'>quae</span> <span class='ocrx_word' id='word_1_58' title='bbox 1051 1409 1070 1451; x_wconf 88' lang='lat' dir='ltr'>a</span> <span class='ocrx_word' id='word_1_59' title='bbox 1086 1387 1121 1452; x_wconf 78' lang='lat' dir='ltr'>nl</span> <span class='ocrx_word' id='word_1_60' title='bbox 1137 1387 1267 1472; x_wconf 81' lang='lat' dir='ltr'>incipit.</span> 
     </span>
     <span class='ocr_line' id='line_1_10' title="bbox 203 1511 1269 1578; baseline 0.001 -2"><span class='ocrx_word' id='word_1_61' title='bbox 203 1511 416 1577; x_wconf 80' lang='lat' dir='ltr'>Conferenda</span> <span class='ocrx_word' id='word_1_62' title='bbox 451 1519 531 1576; x_wconf 87' lang='lat' dir='ltr'>sunt</span> <span class='ocrx_word' id='word_1_63' title='bbox 563 1511 667 1576; x_wconf 88' lang='lat' dir='ltr'>uerba</span> <span class='ocrx_word' id='word_1_64' title='bbox 694 1511 799 1575; x_wconf 86' lang='lat' dir='ltr'>Brixii</span> <span class='ocrx_word' id='word_1_65' title='bbox 823 1511 864 1575; x_wconf 68' lang='lat' dir='ltr'>all</span> <span class='ocrx_word' id='word_1_66' title='bbox 890 1512 956 1575; x_wconf 90' lang='lat' dir='ltr'>Mil.</span> <span class='ocrx_word' id='word_1_67' title='bbox 986 1514 1062 1576; x_wconf 84' lang='lat'>163:</span> <span class='ocrx_word' id='word_1_68' title='bbox 1103 1511 1184 1576; x_wconf 81' lang='lat' dir='ltr'>«Die</span> <span class='ocrx_word' id='word_1_69' title='bbox 1209 1513 1269 1578; x_wconf 90' lang='lat' dir='ltr'>Be-</span> 
     </span>
     <span class='ocr_line' id='line_1_11' title="bbox 203 1635 1268 1722; baseline 0.002 -22"><span class='ocrx_word' id='word_1_70' title='bbox 203 1636 355 1722; x_wconf 85' lang='lat' dir='ltr'>deutung</span> <span class='ocrx_word' id='word_1_71' title='bbox 378 1636 437 1701; x_wconf 88' lang='lat' dir='ltr'>der</span> <span class='ocrx_word' id='word_1_72' title='bbox 461 1636 601 1721; x_wconf 69' lang='lat' dir='ltr'>synkop.</span> <span class='ocrx_word' id='word_1_73' title='bbox 629 1636 773 1700; x_wconf 78' lang='lat' dir='ltr'>Formen</span> <span class='ocrx_word' id='word_1_74' title='bbox 797 1635 866 1721; x_wconf 86' lang='lat' dir='ltr'>(des</span> <span class='ocrx_word' id='word_1_75' title='bbox 891 1636 963 1700; x_wconf 85' lang='lat' dir='ltr'>Fut.</span> <span class='ocrx_word' id='word_1_76' title='bbox 990 1637 1053 1719; x_wconf 86' lang='lat' dir='ltr'>ex.)</span> <span class='ocrx_word' id='word_1_77' title='bbox 1078 1636 1121 1701; x_wconf 86' lang='lat' dir='ltr'>ist</span> <span class='ocrx_word' id='word_1_78' title='bbox 1137 1636 1190 1700; x_wconf 89' lang='lat' dir='ltr'>die</span> <span class='ocrx_word' id='word_1_79' title='bbox 1208 1637 1268 1702; x_wconf 85' lang='lat' dir='ltr'>des</span> 
     </span>
     <span class='ocr_line' id='line_1_12' title="bbox 205 1760 1268 1846; baseline 0.001 -21"><span class='ocrx_word' id='word_1_80' title='bbox 205 1761 386 1846; x_wconf 84' lang='lat' dir='ltr'>bedingten</span> <span class='ocrx_word' id='word_1_81' title='bbox 426 1761 649 1846; x_wconf 80' lang='lat' dir='ltr'>zukiinftigen</span> <span class='ocrx_word' id='word_1_82' title='bbox 684 1760 875 1824; x_wconf 82' lang='lat' dir='ltr'>Eintretens</span> <span class='ocrx_word' id='word_1_83' title='bbox 914 1761 1006 1824; x_wconf 89' lang='lat' dir='ltr'>einer</span> <span class='ocrx_word' id='word_1_84' title='bbox 1044 1761 1268 1826; x_wconf 74' lang='lat' dir='ltr'>thatsachlich</span> 
     </span>
    </p>
   </div>
   <div class='ocr_carea' id='block_1_3' title="bbox 207 1869 826 1969">
    <p class='ocr_par' dir='ltr' id='par_1_3' title="bbox 207 1869 826 1969">
     <span class='ocr_line' id='line_1_13' title="bbox 207 1869 826 1969; baseline -0.006 -17"><span class='ocrx_word' id='word_1_85' title='bbox 207 1885 376 1952; x_wconf 82' lang='lat' dir='ltr'>vollendet</span> <span class='ocrx_word' id='word_1_86' title='bbox 398 1884 586 1969; x_wconf 87' lang='lat' dir='ltr'>gedachten</span> <span class='ocrx_word' id='word_1_87' title='bbox 609 1869 826 1969; x_wconf 61' lang='lat' dir='ltr'>Haridlung».</span> 
     </span>
    </p>
   </div>
   <div class='ocr_carea' id='block_1_4' title="bbox 202 2009 1268 4088">
    <p class='ocr_par' dir='ltr' id='par_1_4' title="bbox 202 2009 1268 2823">
     <span class='ocr_line' id='line_1_14' title="bbox 311 2009 1263 2096; baseline 0 -22"><span class='ocrx_word' id='word_1_88' title='bbox 311 2010 398 2075; x_wconf 82' lang='lat' dir='ltr'>Cum</span> <span class='ocrx_word' id='word_1_89' title='bbox 421 2010 473 2074; x_wconf 90' lang='lat' dir='ltr'>his</span> <span class='ocrx_word' id='word_1_90' title='bbox 497 2009 659 2095; x_wconf 86' lang='lat' dir='ltr'>exemplis</span> <span class='ocrx_word' id='word_1_91' title='bbox 683 2031 770 2094; x_wconf 89' lang='lat' dir='ltr'>quae</span> <span class='ocrx_word' id='word_1_92' title='bbox 794 2031 896 2093; x_wconf 86' lang='lat' dir='ltr'>supra</span> <span class='ocrx_word' id='word_1_93' title='bbox 915 2009 1010 2074; x_wconf 83' lang='lat' dir='ltr'>attuli</span> <span class='ocrx_word' id='word_1_94' title='bbox 1028 2009 1112 2094; x_wconf 80' lang='lat' dir='ltr'>(pag.</span> <span class='ocrx_word' id='word_1_95' title='bbox 1132 2011 1263 2096; x_wconf 71' lang='lat'>5--17),</span> 
     </span>
     <span class='ocr_line' id='line_1_15' title="bbox 205 2133 1268 2220; baseline -0.001 -20"><span class='ocrx_word' id='word_1_96' title='bbox 205 2135 328 2220; x_wconf 87' lang='lat' dir='ltr'>quibus</span> <span class='ocrx_word' id='word_1_97' title='bbox 352 2135 429 2219; x_wconf 88' lang='lat' dir='ltr'>quis</span> <span class='ocrx_word' id='word_1_98' title='bbox 451 2134 545 2199; x_wconf 90' lang='lat' dir='ltr'>iussu</span> <span class='ocrx_word' id='word_1_99' title='bbox 569 2135 737 2219; x_wconf 85' lang='lat' dir='ltr'>minisque</span> <span class='ocrx_word' id='word_1_100' title='bbox 761 2133 890 2198; x_wconf 89' lang='lat' dir='ltr'>aliurn</span> <span class='ocrx_word' id='word_1_101' title='bbox 916 2133 1041 2211; x_wconf 85' lang='lat' dir='ltr'>incitat,</span> <span class='ocrx_word' id='word_1_102' title='bbox 1068 2135 1203 2219; x_wconf 90' lang='lat' dir='ltr'>utquid</span> <span class='ocrx_word' id='word_1_103' title='bbox 1220 2137 1268 2199; x_wconf 80' lang='lat' dir='ltr'>fa-</span> 
     </span>
     <span class='ocr_line' id='line_1_16' title="bbox 203 2259 1265 2345; baseline 0 -20"><span class='ocrx_word' id='word_1_104' title='bbox 203 2261 276 2338; x_wconf 77' lang='lat' dir='ltr'>ciat,</span> <span class='ocrx_word' id='word_1_105' title='bbox 309 2259 461 2345; x_wconf 88' lang='lat' dir='ltr'>proxime</span> <span class='ocrx_word' id='word_1_106' title='bbox 491 2259 727 2344; x_wconf 84' lang='lat' dir='ltr'>coniungenda</span> <span class='ocrx_word' id='word_1_107' title='bbox 758 2264 837 2324; x_wconf 88' lang='lat' dir='ltr'>sunt</span> <span class='ocrx_word' id='word_1_108' title='bbox 866 2280 914 2337; x_wconf 84' lang='lat' dir='ltr'>ea,</span> <span class='ocrx_word' id='word_1_109' title='bbox 943 2259 1066 2343; x_wconf 91' lang='lat' dir='ltr'>quibus</span> <span class='ocrx_word' id='word_1_110' title='bbox 1095 2260 1191 2345; x_wconf 83' lang='lat' dir='ltr'>quis</span> <span class='ocrx_word' id='word_1_111' title='bbox 1223 2283 1265 2325; x_wconf 85' lang='lat' dir='ltr'>se</span> 
     </span>
     <span class='ocr_line' id='line_1_17' title="bbox 202 2384 1266 2470; baseline -0.001 -21"><span class='ocrx_word' id='word_1_112' title='bbox 202 2385 292 2470; x_wconf 84' lang='lat' dir='ltr'>ipse</span> <span class='ocrx_word' id='word_1_113' title='bbox 316 2385 567 2450; x_wconf 79' lang='lat' dir='ltr'>cohortatur.</span> <span class='ocrx_word' id='word_1_114' title='bbox 616 2385 656 2448; x_wconf 93' lang='lat' dir='ltr'>ln</span> <span class='ocrx_word' id='word_1_115' title='bbox 680 2384 805 2469; x_wconf 87' lang='lat' dir='ltr'>protasi</span> <span class='ocrx_word' id='word_1_116' title='bbox 828 2384 948 2449; x_wconf 90' lang='lat' dir='ltr'>horum</span> <span class='ocrx_word' id='word_1_117' title='bbox 974 2385 1205 2470; x_wconf 82' lang='lat' dir='ltr'>exemplorum</span> <span class='ocrx_word' id='word_1_118' title='bbox 1222 2425 1266 2431; x_wconf 93' lang='lat'><strong>—</strong></span> 
     </span>
     <span class='ocr_line' id='line_1_18' title="bbox 202 2508 1266 2595; baseline 0.001 -22"><span class='ocrx_word' id='word_1_119' title='bbox 202 2531 346 2594; x_wconf 88' lang='lat' dir='ltr'>quorum</span> <span class='ocrx_word' id='word_1_120' title='bbox 370 2509 407 2573; x_wconf 91' lang='lat' dir='ltr'>in</span> <span class='ocrx_word' id='word_1_121' title='bbox 430 2509 569 2594; x_wconf 86' lang='lat' dir='ltr'>apodosi</span> <span class='ocrx_word' id='word_1_122' title='bbox 593 2508 792 2594; x_wconf 84' lang='lat' dir='ltr'>plerumque</span> <span class='ocrx_word' id='word_1_123' title='bbox 816 2531 974 2595; x_wconf 85' lang='lat' dir='ltr'>praesens</span> <span class='ocrx_word' id='word_1_124' title='bbox 998 2518 1057 2575; x_wconf 89' lang='lat' dir='ltr'>aut</span> <span class='ocrx_word' id='word_1_125' title='bbox 1079 2511 1266 2594; x_wconf 83' lang='lat' dir='ltr'>perlectum</span> 
     </span>
     <span class='ocr_line' id='line_1_19' title="bbox 202 2633 1265 2720; baseline 0 -22"><span class='ocrx_word' id='word_1_126' title='bbox 202 2633 306 2699; x_wconf 83' lang='lat' dir='ltr'>futuri</span> <span class='ocrx_word' id='word_1_127' title='bbox 338 2634 410 2699; x_wconf 91' lang='lat' dir='ltr'>loco</span> <span class='ocrx_word' id='word_1_128' title='bbox 435 2635 486 2720; x_wconf 84' lang='lat' dir='ltr'>(cf.</span> <span class='ocrx_word' id='word_1_129' title='bbox 512 2654 586 2719; x_wconf 86' lang='lat' dir='ltr'>pag.</span> <span class='ocrx_word' id='word_1_130' title='bbox 615 2635 666 2718; x_wconf 69' lang='grc' dir='ltr'>Γ)</span> <span class='ocrx_word' id='word_1_131' title='bbox 690 2633 811 2719; x_wconf 85' lang='lat' dir='ltr'>legitur</span> <span class='ocrx_word' id='word_1_132' title='bbox 835 2672 878 2681; x_wconf 92' lang='lat'><strong>—</strong></span> <span class='ocrx_word' id='word_1_133' title='bbox 901 2656 1034 2718; x_wconf 85' lang='lat' dir='ltr'>semper</span> <span class='ocrx_word' id='word_1_134' title='bbox 1057 2655 1265 2718; x_wconf 85' lang='lat' dir='ltr'>praesens</span> 
     </span>
     <span class='ocr_line' id='line_1_20' title="bbox 202 2742 624 2823; baseline 0.005 -1"><span class='ocrx_word' id='word_1_135' title='bbox 202 2758 382 2823; x_wconf 90' lang='lat' dir='ltr'>inuenitur.</span> <span class='ocrx_word' id='word_1_136' title='bbox 622 2742 624 2746; x_wconf 5' lang='grc' dir='ltr'>ὗ</span> 
     </span>
    </p>

    <p class='ocr_par' dir='ltr' id='par_1_5' title="bbox 202 2882 1265 4088">
     <span class='ocr_line' id='line_1_21' title="bbox 519 2882 947 2968; baseline 0.002 -21"><span class='ocrx_word' id='word_1_137' title='bbox 519 2882 613 2948; x_wconf 89' lang='lat' dir='ltr'>Haec</span> <span class='ocrx_word' id='word_1_138' title='bbox 637 2883 791 2968; x_wconf 84' lang='lat' dir='ltr'>exempla</span> <span class='ocrx_word' id='word_1_139' title='bbox 813 2883 947 2948; x_wconf 85' lang='lat' dir='ltr'>inueni:</span> 
     </span>
     <span class='ocr_line' id='line_1_22' title="bbox 395 3007 1071 3093; baseline -0.001 -21"><span class='ocrx_word' id='word_1_140' title='bbox 395 3009 600 3073; x_wconf 87' lang='lat' dir='ltr'>Futurum</span> <span class='ocrx_word' id='word_1_141' title='bbox 624 3014 789 3093; x_wconf 87' lang='lat' dir='ltr'>tempus</span> <span class='ocrx_word' id='word_1_142' title='bbox 812 3009 854 3073; x_wconf 92' lang='lat' dir='ltr'>in</span> <span class='ocrx_word' id='word_1_143' title='bbox 877 3007 1071 3092; x_wconf 87' lang='lat' dir='ltr'>apodosi:</span> 
     </span>
     <span class='ocr_line' id='line_1_23' title="bbox 202 3133 1265 3216; baseline -0.005 -18"><span class='ocrx_word' id='word_1_144' title='bbox 202 3135 289 3198; x_wconf 82' lang='lat' dir='ltr'>Men.</span> <span class='ocrx_word' id='word_1_145' title='bbox 316 3136 388 3198; x_wconf 76' lang='lat'>847.</span> <span class='ocrx_word' id='word_1_146' title='bbox 438 3135 485 3199; x_wconf 78' lang='lat' dir='ltr'>Nl</span> <span class='ocrx_word' id='word_1_147' title='bbox 509 3156 618 3216; x_wconf 80' lang='lat' dir='ltr'>occupo</span> <span class='ocrx_word' id='word_1_148' title='bbox 643 3135 774 3216; x_wconf 77' lang='lat' dir='ltr'>aliquod</span> <span class='ocrx_word' id='word_1_149' title='bbox 796 3133 876 3198; x_wconf 71' lang='lat' dir='ltr'>mill</span> <span class='ocrx_word' id='word_1_150' title='bbox 899 3133 1122 3204; x_wconf 61' lang='lat' dir='ltr'>conciliantia</span> <span class='ocrx_word' id='word_1_151' title='bbox 1143 3135 1265 3196; x_wconf 69' lang='lat' dir='ltr'>(lornant</span> 
     </span>
     <span class='ocr_line' id='line_1_24' title="bbox 482 3258 825 3343; baseline 0 -21"><span class='ocrx_word' id='word_1_152' title='bbox 482 3282 529 3324; x_wconf 75' lang='lat' dir='ltr'>nze</span> <span class='ocrx_word' id='word_1_153' title='bbox 552 3261 597 3325; x_wconf 82' lang='lat' dir='ltr'>ud</span> <span class='ocrx_word' id='word_1_154' title='bbox 617 3281 649 3324; x_wconf 78' lang='lat' dir='ltr'>ae</span> <span class='ocrx_word' id='word_1_155' title='bbox 673 3258 825 3343; x_wconf 77' lang='lat' dir='ltr'>auferent.</span> 
     </span>
     <span class='ocr_line' id='line_1_25' title="bbox 202 3383 921 3458; baseline -0.003 -9"><span class='ocrx_word' id='word_1_156' title='bbox 202 3386 324 3449; x_wconf 88' lang='lat' dir='ltr'>Heaut.</span> <span class='ocrx_word' id='word_1_157' title='bbox 352 3385 424 3449; x_wconf 73' lang='lat'>730.</span> <span class='ocrx_word' id='word_1_158' title='bbox 519 3387 522 3395; x_wconf 87' lang='grc'><strong>’</strong></span> <span class='ocrx_word' id='word_1_159' title='bbox 584 3384 705 3458; x_wconf 75' lang='lat' dir='ltr'>Faciet,</span> <span class='ocrx_word' id='word_1_160' title='bbox 729 3383 795 3448; x_wconf 78' lang='lat' dir='ltr'>uisi</span> <span class='ocrx_word' id='word_1_161' title='bbox 818 3405 921 3449; x_wconf 79' lang='lat' dir='ltr'>cauco.</span> 
     </span>
     <span class='ocr_line' id='line_1_26' title="bbox 387 3504 1072 3593; baseline -0.009 -21"><span class='ocrx_word' id='word_1_162' title='bbox 387 3509 597 3572; x_wconf 77' lang='lat' dir='ltr'>Praesens</span> <span class='ocrx_word' id='word_1_163' title='bbox 622 3516 788 3593; x_wconf 84' lang='lat' dir='ltr'>ternpus</span> <span class='ocrx_word' id='word_1_164' title='bbox 812 3508 853 3571; x_wconf 92' lang='lat' dir='ltr'>in</span> <span class='ocrx_word' id='word_1_165' title='bbox 877 3504 1072 3593; x_wconf 87' lang='lat' dir='ltr'>apodosi:</span> 
     </span>
     <span class='ocr_line' id='line_1_27' title="bbox 202 3628 1263 3715; baseline -0.005 -17"><span class='ocrx_word' id='word_1_166' title='bbox 202 3635 293 3698; x_wconf 84' lang='lat' dir='ltr'>Asin.</span> <span class='ocrx_word' id='word_1_167' title='bbox 321 3635 393 3698; x_wconf 75' lang='lat'>287.</span> <span class='ocrx_word' id='word_1_168' title='bbox 441 3633 533 3698; x_wconf 80' lang='lat' dir='ltr'>Perii</span> <span class='ocrx_word' id='word_1_169' title='bbox 556 3655 608 3715; x_wconf 74' lang='lat' dir='ltr'>epo</span> <span class='ocrx_word' id='word_1_170' title='bbox 633 3634 754 3714; x_wconf 75' lang='lat' dir='ltr'>oppido,</span> <span class='ocrx_word' id='word_1_171' title='bbox 779 3633 844 3697; x_wconf 79' lang='lat' dir='ltr'>uisi</span> <span class='ocrx_word' id='word_1_172' title='bbox 868 3632 1028 3697; x_wconf 77' lang='lat' dir='ltr'>Libanum</span> <span class='ocrx_word' id='word_1_173' title='bbox 1044 3628 1170 3694; x_wconf 76' lang='lat' dir='ltr'>lauceio</span> <span class='ocrx_word' id='word_1_174' title='bbox 1186 3628 1263 3693; x_wconf 79' lang='lat' dir='ltr'>ianr.</span> 
     </span>
     <span class='ocr_line' id='line_1_28' title="bbox 489 3757 822 3839; baseline -0.003 -18"><span class='ocrx_word' id='word_1_175' title='bbox 489 3757 543 3821; x_wconf 79' lang='lat' dir='ltr'>ubl</span> <span class='ocrx_word' id='word_1_176' title='bbox 566 3757 650 3822; x_wconf 79' lang='lat' dir='ltr'>ubist</span> <span class='ocrx_word' id='word_1_177' title='bbox 674 3757 822 3839; x_wconf 73' lang='lat' dir='ltr'>peullam.</span> 
     </span>
     <span class='ocr_line' id='line_1_29' title="bbox 202 3879 1155 3962; baseline -0.003 -17"><span class='ocrx_word' id='word_1_178' title='bbox 202 3882 293 3946; x_wconf 85' lang='lat' dir='ltr'>Asin.</span> <span class='ocrx_word' id='word_1_179' title='bbox 321 3886 393 3948; x_wconf 77' lang='lat'>918.</span> <span class='ocrx_word' id='word_1_180' title='bbox 866 3901 942 3946; x_wconf 80' lang='lat' dir='ltr'>uum</span> <span class='ocrx_word' id='word_1_181' title='bbox 965 3881 1001 3949; x_wconf 79' lang='lat' dir='ltr'>ai</span> <span class='ocrx_word' id='word_1_182' title='bbox 1023 3879 1155 3962; x_wconf 77' lang='lat' dir='ltr'>inpetro,</span> 
     </span>
     <span class='ocr_line' id='line_1_30' title="bbox 447 4006 718 4088; baseline 0 -17"><span class='ocrx_word' id='word_1_183' title='bbox 447 4008 561 4088; x_wconf 64' lang='lat' dir='ltr'>Repeto</span> <span class='ocrx_word' id='word_1_184' title='bbox 578 4006 718 4087; x_wconf 74' lang='lat' dir='ltr'>perdidi.</span> 
     </span>
    </p>
   </div>
   <div class='ocr_carea' id='block_1_5' title="bbox 0 0 1478 4936">
    <p class='ocr_par' dir='ltr' id='par_1_6' title="bbox 0 0 1478 4936">
     <span class='ocr_line' id='line_1_31' title="bbox 0 0 1478 4936; baseline 0 1"><span class='ocrx_word' id='word_1_185' title='bbox 0 0 1478 4936; x_wconf 95' lang='lat' dir='ltr'> </span> 
     </span>
    </p>
   </div>
  </div>
 </body>
</html>
