<?xml version="1.0" encoding="UTF-8"?>
<!DOCTYPE html PUBLIC "-//W3C//DTD XHTML 1.0 Transitional//EN"
    "http://www.w3.org/TR/xhtml1/DTD/xhtml1-transitional.dtd">
<html xmlns="http://www.w3.org/1999/xhtml" xml:lang="en" lang="en">
 <head>
  <title>
</title>
<meta http-equiv="Content-Type" content="text/html;charset=utf-8" />
  <meta name='ocr-system' content='tesseract 3.04.00' />
  <meta name='ocr-capabilities' content='ocr_page ocr_carea ocr_par ocr_line ocrx_word'/>
</head>
<body>
  <div class='ocr_page' id='page_1' title='image "./deenuntiatisapu00lindgoog_0021.png"; bbox 0 0 2946 4936; ppageno 0'>
   <div class='ocr_carea' id='block_1_1' title="bbox 721 330 758 390">
    <p class='ocr_par' dir='ltr' id='par_1_1' title="bbox 721 330 758 390">
     <span class='ocr_line' id='line_1_1' title="bbox 721 330 758 390; baseline 0.027 -1"><span class='ocrx_word' id='word_1_1' title='bbox 721 330 758 390; x_wconf 78' lang='lat' dir='ltr'>la</span> 
     </span>
    </p>
   </div>
   <div class='ocr_carea' id='block_1_2' title="bbox 162 507 1325 3456">
    <p class='ocr_par' dir='ltr' id='par_1_2' title="bbox 162 507 1325 3456">
     <span class='ocr_line' id='line_1_2' title="bbox 204 507 1265 592; baseline 0.002 -23"><span class='ocrx_word' id='word_1_2' title='bbox 204 507 288 570; x_wconf 90' lang='lat' dir='ltr'>tium</span> <span class='ocrx_word' id='word_1_3' title='bbox 324 514 452 592; x_wconf 86' lang='lat' dir='ltr'>septem</span> <span class='ocrx_word' id='word_1_4' title='bbox 488 514 575 579; x_wconf 77' lang='lat' dir='ltr'>sunt,</span> <span class='ocrx_word' id='word_1_5' title='bbox 613 507 710 570; x_wconf 81' lang='lat' dir='ltr'>l&#39;aeile</span> <span class='ocrx_word' id='word_1_6' title='bbox 742 507 893 570; x_wconf 79' lang='lat' dir='ltr'>im&#39;enias</span> <span class='ocrx_word' id='word_1_7' title='bbox 920 528 1054 591; x_wconf 83' lang='lat' dir='ltr'>prorsus</span> <span class='ocrx_word' id='word_1_8' title='bbox 1084 508 1175 571; x_wconf 89' lang='lat' dir='ltr'>nullo</span> <span class='ocrx_word' id='word_1_9' title='bbox 1203 507 1265 571; x_wconf 90' lang='lat' dir='ltr'>dis-</span> 
     </span>
     <span class='ocr_line' id='line_1_3' title="bbox 203 630 1325 715; baseline 0 -20"><span class='ocrx_word' id='word_1_10' title='bbox 203 630 351 697; x_wconf 86' lang='lat' dir='ltr'>crimine.</span> <span class='ocrx_word' id='word_1_11' title='bbox 387 633 458 696; x_wconf 87' lang='lat' dir='ltr'>siue</span> <span class='ocrx_word' id='word_1_12' title='bbox 491 631 533 695; x_wconf 90' lang='lat' dir='ltr'>ad</span> <span class='ocrx_word' id='word_1_13' title='bbox 563 632 751 694; x_wconf 86' lang='lat' dir='ltr'>iuuet-uram</span> <span class='ocrx_word' id='word_1_14' title='bbox 790 630 966 695; x_wconf 85' lang='lat' dir='ltr'>uerborum</span> <span class='ocrx_word' id='word_1_15' title='bbox 993 632 1064 696; x_wconf 91' lang='lat' dir='ltr'>siue</span> <span class='ocrx_word' id='word_1_16' title='bbox 1089 632 1130 695; x_wconf 89' lang='lat' dir='ltr'>ad</span> <span class='ocrx_word' id='word_1_17' title='bbox 1154 633 1262 715; x_wconf 83' lang='lat' dir='ltr'>ipsam</span> <span class='ocrx_word' id='word_1_18' title='bbox 1323 681 1325 686; x_wconf 81' lang='lat'><em>.</em></span> 
     </span>
     <span class='ocr_line' id='line_1_4' title="bbox 203 755 1266 840; baseline 0.002 -22"><span class='ocrx_word' id='word_1_19' title='bbox 203 757 405 820; x_wconf 87' lang='lat' dir='ltr'>seutentiam</span> <span class='ocrx_word' id='word_1_20' title='bbox 428 755 596 840; x_wconf 77' lang='lat' dir='ltr'>respicias,</span> <span class='ocrx_word' id='word_1_21' title='bbox 622 756 801 840; x_wconf 87' lang='lat' dir='ltr'>particulas</span> <span class='ocrx_word' id='word_1_22' title='bbox 825 756 861 820; x_wconf 84' lang='lat' dir='ltr'>ai</span> <span class='ocrx_word' id='word_1_23' title='bbox 877 763 909 819; x_wconf 87' lang='lat' dir='ltr'>et</span> <span class='ocrx_word' id='word_1_24' title='bbox 924 757 989 820; x_wconf 78' lang='lat' dir='ltr'>aiei</span> <span class='ocrx_word' id='word_1_25' title='bbox 1006 757 1169 840; x_wconf 88' lang='lat' dir='ltr'>usurpari.</span> <span class='ocrx_word' id='word_1_26' title='bbox 1190 756 1266 820; x_wconf 90' lang='lat' dir='ltr'>licet-</span> 
     </span>
     <span class='ocr_line' id='line_1_5' title="bbox 203 879 1266 964; baseline 0.002 -22"><span class='ocrx_word' id='word_1_27' title='bbox 203 879 284 944; x_wconf 90' lang='lat' dir='ltr'>hacc</span> <span class='ocrx_word' id='word_1_28' title='bbox 308 880 472 964; x_wconf 82' lang='lat' dir='ltr'>particula</span> <span class='ocrx_word' id='word_1_29' title='bbox 496 880 648 944; x_wconf 87' lang='lat' dir='ltr'>usitatior</span> <span class='ocrx_word' id='word_1_30' title='bbox 672 880 714 944; x_wconf 90' lang='lat' dir='ltr'>sit</span> <span class='ocrx_word' id='word_1_31' title='bbox 738 880 812 963; x_wconf 77' lang='lat' dir='ltr'>(alsi</span> <span class='ocrx_word' id='word_1_32' title='bbox 829 881 930 944; x_wconf 90' lang='lat' dir='ltr'>octies</span> <span class='ocrx_word' id='word_1_33' title='bbox 953 887 985 944; x_wconf 89' lang='lat' dir='ltr'>et</span> <span class='ocrx_word' id='word_1_34' title='bbox 1001 880 1211 964; x_wconf 82' lang='lat' dir='ltr'>quadragies.</span> <span class='ocrx_word' id='word_1_35' title='bbox 1230 881 1266 945; x_wconf 82' lang='lat' dir='ltr'>ai</span> 
     </span>
     <span class='ocr_line' id='line_1_6' title="bbox 204 1003 1266 1091; baseline 0.004 -25"><span class='ocrx_word' id='word_1_36' title='bbox 204 1003 382 1091; x_wconf 82' lang='lat' dir='ltr'>undecies).</span> <span class='ocrx_word' id='word_1_37' title='bbox 432 1005 508 1080; x_wconf 73' lang='lat' dir='ltr'>Qua</span> <span class='ocrx_word' id='word_1_38' title='bbox 544 1025 577 1068; x_wconf 89' lang='lat' dir='ltr'>re</span> <span class='ocrx_word' id='word_1_39' title='bbox 613 1004 648 1068; x_wconf 91' lang='lat' dir='ltr'>in</span> <span class='ocrx_word' id='word_1_40' title='bbox 684 1011 843 1089; x_wconf 87' lang='lat' dir='ltr'>promptu</span> <span class='ocrx_word' id='word_1_41' title='bbox 878 1026 949 1069; x_wconf 86' lang='lat' dir='ltr'>esse</span> <span class='ocrx_word' id='word_1_42' title='bbox 985 1006 1139 1070; x_wconf 88' lang='lat' dir='ltr'>uidemus</span> <span class='ocrx_word' id='word_1_43' title='bbox 1164 1043 1207 1051; x_wconf 90' lang='lat'>—</span> <span class='ocrx_word' id='word_1_44' title='bbox 1232 1006 1266 1070; x_wconf 89' lang='lat' dir='ltr'>id</span> 
     </span>
     <span class='ocr_line' id='line_1_7' title="bbox 202 1128 1262 1213; baseline 0.001 -21"><span class='ocrx_word' id='word_1_45' title='bbox 202 1128 292 1213; x_wconf 81' lang='lat' dir='ltr'>quod</span> <span class='ocrx_word' id='word_1_46' title='bbox 317 1129 383 1193; x_wconf 91' lang='lat' dir='ltr'>iam</span> <span class='ocrx_word' id='word_1_47' title='bbox 409 1128 446 1193; x_wconf 91' lang='grc' dir='ltr'>Ο.</span> <span class='ocrx_word' id='word_1_48' title='bbox 472 1130 669 1212; x_wconf 81' lang='lat' dir='ltr'>Bragmanu</span> <span class='ocrx_word' id='word_1_49' title='bbox 694 1130 825 1213; x_wconf 75' lang='lat' dir='ltr'>egregie</span> <span class='ocrx_word' id='word_1_50' title='bbox 849 1129 995 1194; x_wconf 79' lang='lat' dir='ltr'>ostendit</span> <span class='ocrx_word' id='word_1_51' title='bbox 1017 1168 1061 1176; x_wconf 87' lang='grc'>-</span> <span class='ocrx_word' id='word_1_52' title='bbox 1084 1130 1176 1193; x_wconf 88' lang='lat' dir='ltr'>illam</span> <span class='ocrx_word' id='word_1_53' title='bbox 1194 1131 1262 1193; x_wconf 91' lang='lat' dir='ltr'>uim</span> 
     </span>
     <span class='ocr_line' id='line_1_8' title="bbox 204 1253 1266 1338; baseline 0 -21"><span class='ocrx_word' id='word_1_54' title='bbox 204 1253 561 1338; x_wconf 72' lang='lat' dir='ltr'>significationemque,</span> <span class='ocrx_word' id='word_1_55' title='bbox 585 1276 688 1337; x_wconf 81' lang='lat' dir='ltr'>quam</span> <span class='ocrx_word' id='word_1_56' title='bbox 713 1254 841 1338; x_wconf 88' lang='lat' dir='ltr'>primus</span> <span class='ocrx_word' id='word_1_57' title='bbox 859 1253 1041 1338; x_wconf 77' lang='lat' dir='ltr'>particulae</span> <span class='ocrx_word' id='word_1_58' title='bbox 1061 1253 1266 1319; x_wconf 72' lang='lat' dir='ltr'>attribuerit</span> 
     </span>
     <span class='ocr_line' id='line_1_9' title="bbox 203 1377 1264 1462; baseline 0.002 -22"><span class='ocrx_word' id='word_1_59' title='bbox 203 1377 305 1441; x_wconf 90' lang='lat' dir='ltr'>Haud</span> <span class='ocrx_word' id='word_1_60' title='bbox 327 1377 356 1462; x_wconf 82' lang='lat'>¹),</span> <span class='ocrx_word' id='word_1_61' title='bbox 381 1378 437 1462; x_wconf 83' lang='lat' dir='ltr'>qni</span> <span class='ocrx_word' id='word_1_62' title='bbox 463 1379 498 1442; x_wconf 80' lang='lat' dir='ltr'>ai</span> <span class='ocrx_word' id='word_1_63' title='bbox 529 1378 677 1442; x_wconf 90' lang='lat' dir='ltr'>ciusdem</span> <span class='ocrx_word' id='word_1_64' title='bbox 714 1377 795 1442; x_wconf 88' lang='lat' dir='ltr'>iuris</span> <span class='ocrx_word' id='word_1_65' title='bbox 831 1400 902 1442; x_wconf 88' lang='lat' dir='ltr'>esse</span> <span class='ocrx_word' id='word_1_66' title='bbox 926 1387 1027 1462; x_wconf 87' lang='lat' dir='ltr'>atquc</span> <span class='ocrx_word' id='word_1_67' title='bbox 1051 1380 1079 1442; x_wconf 82' lang='lat' dir='ltr'>si</span> <span class='ocrx_word' id='word_1_68' title='bbox 1103 1402 1166 1442; x_wconf 73' lang='lat' dir='ltr'>aori</span> <span class='ocrx_word' id='word_1_69' title='bbox 1189 1400 1264 1442; x_wconf 90' lang='lat' dir='ltr'>con-</span> 
     </span>
     <span class='ocr_line' id='line_1_10' title="bbox 203 1501 1262 1587; baseline 0.001 -21"><span class='ocrx_word' id='word_1_70' title='bbox 203 1501 362 1566; x_wconf 88' lang='lat' dir='ltr'>tenderet.</span> <span class='ocrx_word' id='word_1_71' title='bbox 400 1503 574 1586; x_wconf 80' lang='lat' dir='ltr'>(cuiusque</span> <span class='ocrx_word' id='word_1_72' title='bbox 610 1502 868 1586; x_wconf 81' lang='lat' dir='ltr'>explicationem</span> <span class='ocrx_word' id='word_1_73' title='bbox 898 1503 1054 1587; x_wconf 75' lang='lat' dir='ltr'>deinceps</span> <span class='ocrx_word' id='word_1_74' title='bbox 1086 1503 1148 1566; x_wconf 90' lang='lat' dir='ltr'>uiri</span> <span class='ocrx_word' id='word_1_75' title='bbox 1175 1503 1262 1568; x_wconf 90' lang='lat' dir='ltr'>docti</span> 
     </span>
     <span class='ocr_line' id='line_1_11' title="bbox 203 1626 1262 1711; baseline 0 -21"><span class='ocrx_word' id='word_1_76' title='bbox 203 1626 305 1691; x_wconf 89' lang='lat' dir='ltr'>secuti</span> <span class='ocrx_word' id='word_1_77' title='bbox 342 1627 440 1711; x_wconf 68' lang='lat' dir='ltr'>sunt),</span> <span class='ocrx_word' id='word_1_78' title='bbox 478 1627 512 1690; x_wconf 92' lang='lat' dir='ltr'>in</span> <span class='ocrx_word' id='word_1_79' title='bbox 549 1627 711 1711; x_wconf 88' lang='lat' dir='ltr'>particula</span> <span class='ocrx_word' id='word_1_80' title='bbox 742 1628 777 1692; x_wconf 83' lang='lat' dir='ltr'>ai</span> <span class='ocrx_word' id='word_1_81' title='bbox 809 1649 943 1711; x_wconf 85' lang='lat' dir='ltr'>prorsus</span> <span class='ocrx_word' id='word_1_82' title='bbox 968 1649 1034 1691; x_wconf 89' lang='lat' dir='ltr'>non</span> <span class='ocrx_word' id='word_1_83' title='bbox 1061 1628 1178 1692; x_wconf 88' lang='lat' dir='ltr'>inesse.</span> <span class='ocrx_word' id='word_1_84' title='bbox 1205 1627 1262 1691; x_wconf 87' lang='lat' dir='ltr'>scd</span> 
     </span>
     <span class='ocr_line' id='line_1_12' title="bbox 204 1751 1263 1836; baseline 0.002 -22"><span class='ocrx_word' id='word_1_85' title='bbox 204 1751 282 1815; x_wconf 87' lang='lat' dir='ltr'>lruic</span> <span class='ocrx_word' id='word_1_86' title='bbox 307 1751 379 1814; x_wconf 94' lang='lat' dir='ltr'>uoci</span> <span class='ocrx_word' id='word_1_87' title='bbox 405 1751 545 1815; x_wconf 90' lang='lat' dir='ltr'>eandem</span> <span class='ocrx_word' id='word_1_88' title='bbox 572 1751 640 1814; x_wconf 91' lang='lat' dir='ltr'>uim</span> <span class='ocrx_word' id='word_1_89' title='bbox 666 1751 849 1816; x_wconf 88' lang='lat' dir='ltr'>subiectam</span> <span class='ocrx_word' id='word_1_90' title='bbox 875 1760 1063 1836; x_wconf 74' lang='lat' dir='ltr'>essentque</span> <span class='ocrx_word' id='word_1_91' title='bbox 1081 1752 1263 1836; x_wconf 85' lang='lat' dir='ltr'>particulae</span> 
     </span>
     <span class='ocr_line' id='line_1_13' title="bbox 201 1875 1264 1960; baseline -0.002 -20"><span class='ocrx_word' id='word_1_92' title='bbox 201 1876 274 1940; x_wconf 80' lang='lat' dir='ltr'>nisi.</span> <span class='ocrx_word' id='word_1_93' title='bbox 324 1875 373 1939; x_wconf 88' lang='lat' dir='ltr'>De</span> <span class='ocrx_word' id='word_1_94' title='bbox 409 1897 476 1959; x_wconf 86' lang='lat' dir='ltr'>qua</span> <span class='ocrx_word' id='word_1_95' title='bbox 512 1899 546 1940; x_wconf 89' lang='lat' dir='ltr'>rc</span> <span class='ocrx_word' id='word_1_96' title='bbox 578 1885 690 1959; x_wconf 88' lang='lat' dir='ltr'>postca</span> <span class='ocrx_word' id='word_1_97' title='bbox 716 1877 824 1940; x_wconf 76' lang='lat' dir='ltr'>fusius</span> <span class='ocrx_word' id='word_1_98' title='bbox 850 1875 1036 1960; x_wconf 83' lang='lat' dir='ltr'>disputabo.</span> <span class='ocrx_word' id='word_1_99' title='bbox 1093 1877 1158 1940; x_wconf 84' lang='lat' dir='ltr'>llic</span> <span class='ocrx_word' id='word_1_100' title='bbox 1195 1884 1264 1939; x_wconf 67' lang='lat' dir='ltr'>tam-</span> 
     </span>
     <span class='ocr_line' id='line_1_14' title="bbox 202 1999 1262 2084; baseline -0.001 -20"><span class='ocrx_word' id='word_1_101' title='bbox 202 1999 376 2064; x_wconf 89' lang='lat' dir='ltr'>tummodo</span> <span class='ocrx_word' id='word_1_102' title='bbox 402 2000 442 2064; x_wconf 91' lang='lat' dir='ltr'>dc</span> <span class='ocrx_word' id='word_1_103' title='bbox 466 2000 527 2063; x_wconf 86' lang='lat' dir='ltr'>Ad.</span> <span class='ocrx_word' id='word_1_104' title='bbox 557 2002 618 2064; x_wconf 79' lang='lat'>173</span> <span class='ocrx_word' id='word_1_105' title='bbox 649 2000 775 2065; x_wconf 90' lang='lat' dir='ltr'>mentio</span> <span class='ocrx_word' id='word_1_106' title='bbox 806 2002 870 2076; x_wconf 78' lang='lat' dir='ltr'>fiat,</span> <span class='ocrx_word' id='word_1_107' title='bbox 905 2000 960 2065; x_wconf 88' lang='lat' dir='ltr'>ubi</span> <span class='ocrx_word' id='word_1_108' title='bbox 987 2000 1137 2064; x_wconf 91' lang='lat' dir='ltr'>codicum</span> <span class='ocrx_word' id='word_1_109' title='bbox 1164 2001 1262 2084; x_wconf 87' lang='lat' dir='ltr'>scrip·</span> 
     </span>
     <span class='ocr_line' id='line_1_15' title="bbox 162 2131 368 2189; baseline 0.005 -1"><span class='ocrx_word' id='word_1_110' title='bbox 162 2167 171 2174; x_wconf 95' lang='lat'>-</span> <span class='ocrx_word' id='word_1_111' title='bbox 202 2131 277 2189; x_wconf 88' lang='lat' dir='ltr'>tura</span> <span class='ocrx_word' id='word_1_112' title='bbox 302 2132 368 2189; x_wconf 89' lang='lat' dir='ltr'>ost:</span> 
     </span>
     <span class='ocr_line' id='line_1_16' title="bbox 313 2250 1262 2334; baseline 0 -20"><span class='ocrx_word' id='word_1_113' title='bbox 313 2251 339 2314; x_wconf 85' lang='lat'><em>0</em></span> <span class='ocrx_word' id='word_1_114' title='bbox 363 2250 498 2334; x_wconf 71' lang='lat' dir='ltr'>faciolas</span> <span class='ocrx_word' id='word_1_115' title='bbox 527 2250 694 2333; x_wconf 75' lang='lat' dir='ltr'>ladipaam</span> <span class='ocrx_word' id='word_1_116' title='bbox 729 2289 766 2296; x_wconf 62' lang='lat'>›-</span> <span class='ocrx_word' id='word_1_117' title='bbox 803 2251 985 2315; x_wconf 64' lang='lat' dir='ltr'>centauria</span> <span class='ocrx_word' id='word_1_118' title='bbox 1014 2252 1079 2315; x_wconf 72' lang='lat' dir='ltr'>alisi</span> <span class='ocrx_word' id='word_1_119' title='bbox 1107 2273 1198 2316; x_wconf 76' lang='lat' dir='ltr'>coires</span> <span class='ocrx_word' id='word_1_120' title='bbox 1221 2287 1262 2295; x_wconf 87' lang='lat'><em>-</em></span> 
     </span>
     <span class='ocr_line' id='line_1_17' title="bbox 973 2375 1261 2441; baseline -0.007 -2"><span class='ocrx_word' id='word_1_121' title='bbox 973 2377 1017 2439; x_wconf 82' lang='lat' dir='ltr'>Ei</span> <span class='ocrx_word' id='word_1_122' title='bbox 1040 2378 1150 2441; x_wconf 73' lang='lat' dir='ltr'>irrisero</span> <span class='ocrx_word' id='word_1_123' title='bbox 1175 2375 1261 2438; x_wconf 82' lang='lat' dir='ltr'>milri.</span> 
     </span>
     <span class='ocr_line' id='line_1_18' title="bbox 309 2500 1263 2584; baseline -0.004 -21"><span class='ocrx_word' id='word_1_124' title='bbox 309 2500 369 2563; x_wconf 89' lang='lat' dir='ltr'>llla</span> <span class='ocrx_word' id='word_1_125' title='bbox 407 2520 513 2583; x_wconf 86' lang='lat' dir='ltr'>praua</span> <span class='ocrx_word' id='word_1_126' title='bbox 551 2500 677 2563; x_wconf 90' lang='lat' dir='ltr'>Handii</span> <span class='ocrx_word' id='word_1_127' title='bbox 717 2500 874 2584; x_wconf 87' lang='lat' dir='ltr'>opinione</span> <span class='ocrx_word' id='word_1_128' title='bbox 910 2501 1067 2564; x_wconf 87' lang='lat' dir='ltr'>inductus</span> <span class='ocrx_word' id='word_1_129' title='bbox 1104 2500 1263 2564; x_wconf 76' lang='lat' dir='ltr'>Daiatalm</span> 
     </span>
     <span class='ocr_line' id='line_1_19' title="bbox 204 2623 1263 2708; baseline -0.001 -19"><span class='ocrx_word' id='word_1_130' title='bbox 204 2647 282 2689; x_wconf 89' lang='lat' dir='ltr'>cum</span> <span class='ocrx_word' id='word_1_131' title='bbox 298 2623 457 2688; x_wconf 86' lang='lat' dir='ltr'>librorum</span> <span class='ocrx_word' id='word_1_132' title='bbox 483 2625 657 2688; x_wconf 88' lang='lat' dir='ltr'>lectionem</span> <span class='ocrx_word' id='word_1_133' title='bbox 684 2625 780 2688; x_wconf 89' lang='lat' dir='ltr'>metri</span> <span class='ocrx_word' id='word_1_134' title='bbox 805 2646 906 2689; x_wconf 77' lang='lat' dir='ltr'>causa.</span> <span class='ocrx_word' id='word_1_135' title='bbox 929 2624 1063 2689; x_wconf 87' lang='lat' dir='ltr'>retineri</span> <span class='ocrx_word' id='word_1_136' title='bbox 1081 2647 1149 2689; x_wconf 90' lang='lat' dir='ltr'>nou</span> <span class='ocrx_word' id='word_1_137' title='bbox 1167 2646 1263 2708; x_wconf 85' lang='lat' dir='ltr'>posse</span> 
     </span>
     <span class='ocr_line' id='line_1_20' title="bbox 204 2748 1264 2833; baseline -0.002 -19"><span class='ocrx_word' id='word_1_138' title='bbox 204 2750 360 2825; x_wconf 86' lang='lat' dir='ltr'>crederet,</span> <span class='ocrx_word' id='word_1_139' title='bbox 398 2770 464 2832; x_wconf 89' lang='lat' dir='ltr'>quo</span> <span class='ocrx_word' id='word_1_140' title='bbox 489 2756 678 2812; x_wconf 88' lang='lat' dir='ltr'>seruaretur</span> <span class='ocrx_word' id='word_1_141' title='bbox 702 2749 868 2833; x_wconf 89' lang='lat' dir='ltr'>particula</span> <span class='ocrx_word' id='word_1_142' title='bbox 888 2749 953 2814; x_wconf 81' lang='lat' dir='ltr'>nisi</span> <span class='ocrx_word' id='word_1_143' title='bbox 981 2748 1042 2812; x_wconf 85' lang='lat' dir='ltr'>«da</span> <span class='ocrx_word' id='word_1_144' title='bbox 1065 2752 1100 2814; x_wconf 80' lang='lat' dir='ltr'>ai</span> <span class='ocrx_word' id='word_1_145' title='bbox 1124 2752 1180 2812; x_wconf 82' lang='lat' dir='ltr'>t&#39;i&#39;u·</span> <span class='ocrx_word' id='word_1_146' title='bbox 1200 2750 1264 2813; x_wconf 75' lang='lat' dir='ltr'>alsi</span> 
     </span>
     <span class='ocr_line' id='line_1_21' title="bbox 202 2872 1109 2959; baseline -0.004 -19"><span class='ocrx_word' id='word_1_147' title='bbox 202 2874 396 2959; x_wconf 73' lang='lat' dir='ltr'>gagauden</span> <span class='ocrx_word' id='word_1_148' title='bbox 424 2872 722 2957; x_wconf 83' lang='lat' dir='ltr'>Spraclrgebrauclr</span> <span class='ocrx_word' id='word_1_149' title='bbox 748 2880 936 2950; x_wconf 77' lang='lat' dir='ltr'>verstosst»‚</span> <span class='ocrx_word' id='word_1_150' title='bbox 962 2873 1109 2957; x_wconf 78' lang='lat' dir='ltr'>scripsit:</span> 
     </span>
     <span class='ocr_line' id='line_1_22' title="bbox 273 2997 1202 3082; baseline -0.002 -19"><span class='ocrx_word' id='word_1_151' title='bbox 273 3000 298 3063; x_wconf 89' lang='lat'><strong><em>0</em></strong></span> <span class='ocrx_word' id='word_1_152' title='bbox 322 2999 489 3080; x_wconf 77' lang='lat' dir='ltr'>iadipaam</span> <span class='ocrx_word' id='word_1_153' title='bbox 506 2997 649 3082; x_wconf 75' lang='lat' dir='ltr'>facinus</span> <span class='ocrx_word' id='word_1_154' title='bbox 676 3036 719 3044; x_wconf 91' lang='lat'>—</span> <span class='ocrx_word' id='word_1_155' title='bbox 745 2999 819 3063; x_wconf 81' lang='lat' dir='ltr'>Nisi.</span> <span class='ocrx_word' id='word_1_156' title='bbox 843 3021 943 3081; x_wconf 78' lang='lat' dir='ltr'>codes,</span> <span class='ocrx_word' id='word_1_157' title='bbox 966 2998 1157 3080; x_wconf 61' lang='lat' dir='ltr'>pentinum,</span> <span class='ocrx_word' id='word_1_158' title='bbox 1174 3050 1202 3061; x_wconf 93' lang='lat'>..</span> 
     </span>
     <span class='ocr_line' id='line_1_23' title="bbox 309 3119 1263 3207; baseline -0.005 -22"><span class='ocrx_word' id='word_1_159' title='bbox 309 3123 428 3187; x_wconf 81' lang='lat' dir='ltr'>llelius</span> <span class='ocrx_word' id='word_1_160' title='bbox 455 3121 692 3207; x_wconf 70' lang='lat' dir='ltr'>l&#39;mpienbaclr</span> <span class='ocrx_word' id='word_1_161' title='bbox 717 3144 776 3207; x_wconf 87' lang='lat' dir='ltr'>pro</span> <span class='ocrx_word' id='word_1_162' title='bbox 814 3122 878 3187; x_wconf 82' lang='lat' dir='ltr'>nisi</span> <span class='ocrx_word' id='word_1_163' title='bbox 901 3123 1102 3207; x_wconf 83' lang='lat' dir='ltr'>particulam</span> <span class='ocrx_word' id='word_1_164' title='bbox 1125 3123 1160 3185; x_wconf 81' lang='lat' dir='ltr'>ai</span> <span class='ocrx_word' id='word_1_165' title='bbox 1184 3119 1263 3200; x_wconf 60' lang='lat' dir='ltr'>legit</span> 
     </span>
     <span class='ocr_line' id='line_1_24' title="bbox 203 3246 1262 3313; baseline -0.009 0"><span class='ocrx_word' id='word_1_166' title='bbox 203 3249 355 3313; x_wconf 88' lang='lat' dir='ltr'>ordinem</span> <span class='ocrx_word' id='word_1_167' title='bbox 392 3247 570 3312; x_wconf 84' lang='lat' dir='ltr'>uerborum</span> <span class='ocrx_word' id='word_1_168' title='bbox 608 3269 754 3311; x_wconf 76' lang='lat' dir='ltr'>seruans,</span> <span class='ocrx_word' id='word_1_169' title='bbox 804 3247 866 3311; x_wconf 77' lang='lat' dir='ltr'>sed</span> <span class='ocrx_word' id='word_1_170' title='bbox 904 3246 1041 3310; x_wconf 90' lang='lat' dir='ltr'>omnino</span> <span class='ocrx_word' id='word_1_171' title='bbox 1067 3268 1133 3309; x_wconf 89' lang='lat' dir='ltr'>nou</span> <span class='ocrx_word' id='word_1_172' title='bbox 1159 3249 1262 3307; x_wconf 92' lang='lat' dir='ltr'>muta-</span> 
     </span>
     <span class='ocr_line' id='line_1_25' title="bbox 203 3366 1262 3456; baseline -0.009 -18"><span class='ocrx_word' id='word_1_173' title='bbox 203 3375 292 3438; x_wconf 88' lang='lat' dir='ltr'>tione</span> <span class='ocrx_word' id='word_1_174' title='bbox 316 3394 400 3456; x_wconf 90' lang='lat' dir='ltr'>opus</span> <span class='ocrx_word' id='word_1_175' title='bbox 436 3395 506 3436; x_wconf 81' lang='lat' dir='ltr'>esse</span> <span class='ocrx_word' id='word_1_176' title='bbox 544 3373 690 3437; x_wconf 84' lang='lat' dir='ltr'>ridetur:</span> <span class='ocrx_word' id='word_1_177' title='bbox 729 3395 806 3436; x_wconf 89' lang='lat' dir='ltr'>nam</span> <span class='ocrx_word' id='word_1_178' title='bbox 843 3370 917 3435; x_wconf 88' lang='lat' dir='ltr'>talis</span> <span class='ocrx_word' id='word_1_179' title='bbox 947 3366 1262 3455; x_wconf 84' lang='lat' dir='ltr'>proceleusmaticus</span> 
     </span>
    </p>
   </div>
   <div class='ocr_carea' id='block_1_3' title="bbox 203 3493 1261 3583">
    <p class='ocr_par' dir='ltr' id='par_1_3' title="bbox 203 3493 1261 3583">
     <span class='ocr_line' id='line_1_26' title="bbox 203 3493 1261 3583; baseline -0.009 -21"><span class='ocrx_word' id='word_1_180' title='bbox 203 3498 311 3583; x_wconf 82' lang='lat' dir='ltr'>‹pralis</span> <span class='ocrx_word' id='word_1_181' title='bbox 335 3498 399 3562; x_wconf 77' lang='lat' dir='ltr'>nisi</span> <span class='ocrx_word' id='word_1_182' title='bbox 423 3520 515 3561; x_wconf 67' lang='lat' dir='ltr'>coeris</span> <span class='ocrx_word' id='word_1_183' title='bbox 545 3498 685 3562; x_wconf 83' lang='lat' dir='ltr'>minime</span> <span class='ocrx_word' id='word_1_184' title='bbox 724 3498 797 3560; x_wconf 89' lang='lat' dir='ltr'>usui</span> <span class='ocrx_word' id='word_1_185' title='bbox 835 3495 1040 3561; x_wconf 88' lang='lat' dir='ltr'>comicorum</span> <span class='ocrx_word' id='word_1_186' title='bbox 1064 3493 1261 3576; x_wconf 67' lang='lat' dir='ltr'>scriptorum</span> 
     </span>
    </p>
   </div>
   <div class='ocr_carea' id='block_1_4' title="bbox 205 3615 1262 3708">
    <p class='ocr_par' dir='ltr' id='par_1_4' title="bbox 205 3615 1262 3708">
     <span class='ocr_line' id='line_1_27' title="bbox 205 3615 1262 3708; baseline -0.009 -21"><span class='ocrx_word' id='word_1_187' title='bbox 205 3630 368 3708; x_wconf 69' lang='lat' dir='ltr'>repugnat</span> <span class='ocrx_word' id='word_1_188' title='bbox 396 3622 483 3707; x_wconf 75' lang='lat' dir='ltr'>luirlo</span> <span class='ocrx_word' id='word_1_189' title='bbox 511 3622 606 3685; x_wconf 74' lang='lat' dir='ltr'>Klotz</span> <span class='ocrx_word' id='word_1_190' title='bbox 633 3622 751 3686; x_wconf 84' lang='lat' dir='ltr'>lletrik</span> <span class='ocrx_word' id='word_1_191' title='bbox 777 3644 807 3705; x_wconf 90' lang='lat' dir='ltr'>p.</span> <span class='ocrx_word' id='word_1_192' title='bbox 834 3622 898 3684; x_wconf 71' lang='lat'>353</span> <span class='ocrx_word' id='word_1_193' title='bbox 923 3627 953 3682; x_wconf 83' lang='lat' dir='ltr'>et</span> <span class='ocrx_word' id='word_1_194' title='bbox 979 3617 1132 3701; x_wconf 85' lang='lat' dir='ltr'>exempla</span> <span class='ocrx_word' id='word_1_195' title='bbox 1157 3616 1202 3680; x_wconf 87' lang='lat' dir='ltr'>ibi</span> <span class='ocrx_word' id='word_1_196' title='bbox 1221 3615 1262 3678; x_wconf 84' lang='lat' dir='ltr'>al-</span> 
     </span>
    </p>
   </div>
   <div class='ocr_carea' id='block_1_5' title="bbox 203 3742 1263 3832">
    <p class='ocr_par' dir='ltr' id='par_1_5' title="bbox 203 3742 1263 3832">
     <span class='ocr_line' id='line_1_28' title="bbox 203 3742 1263 3832; baseline -0.007 -20"><span class='ocrx_word' id='word_1_197' title='bbox 203 3748 288 3832; x_wconf 75' lang='lat' dir='ltr'>latal.</span> <span class='ocrx_word' id='word_1_198' title='bbox 315 3786 357 3793; x_wconf 92' lang='lat'><em>-</em></span> <span class='ocrx_word' id='word_1_199' title='bbox 384 3748 482 3810; x_wconf 83' lang='lat' dir='ltr'>l&#39;orsa</span> <span class='ocrx_word' id='word_1_200' title='bbox 518 3748 579 3810; x_wconf 62' lang='lat'>82?</span> <span class='ocrx_word' id='word_1_201' title='bbox 617 3768 676 3830; x_wconf 87' lang='lat' dir='ltr'>pro</span> <span class='ocrx_word' id='word_1_202' title='bbox 712 3744 873 3809; x_wconf 86' lang='lat' dir='ltr'>librorum</span> <span class='ocrx_word' id='word_1_203' title='bbox 898 3743 1062 3826; x_wconf 87' lang='lat' dir='ltr'>scriptura</span> <span class='ocrx_word' id='word_1_204' title='bbox 1085 3742 1150 3807; x_wconf 81' lang='lat' dir='ltr'>nisi</span> <span class='ocrx_word' id='word_1_205' title='bbox 1173 3762 1263 3805; x_wconf 89' lang='lat' dir='ltr'>nuuc</span> 
     </span>
    </p>
   </div>
   <div class='ocr_carea' id='block_1_6' title="bbox 203 3869 845 3954">
    <p class='ocr_par' dir='ltr' id='par_1_6' title="bbox 203 3869 845 3954">
     <span class='ocr_line' id='line_1_29' title="bbox 203 3869 845 3954; baseline -0.008 -18"><span class='ocrx_word' id='word_1_206' title='bbox 203 3883 290 3937; x_wconf 89' lang='lat' dir='ltr'>recte</span> <span class='ocrx_word' id='word_1_207' title='bbox 314 3872 434 3952; x_wconf 65' lang='lat' dir='ltr'>legitur</span> <span class='ocrx_word' id='word_1_208' title='bbox 457 3872 492 3935; x_wconf 79' lang='lat' dir='ltr'>ai</span> <span class='ocrx_word' id='word_1_209' title='bbox 518 3878 622 3934; x_wconf 85' lang='lat' dir='ltr'>metro</span> <span class='ocrx_word' id='word_1_210' title='bbox 648 3869 845 3954; x_wconf 86' lang='lat' dir='ltr'>postulante.</span> 
     </span>
    </p>
   </div>
   <div class='ocr_carea' id='block_1_7' title="bbox 313 4138 721 4207">
    <p class='ocr_par' dir='ltr' id='par_1_7' title="bbox 313 4138 721 4207">
     <span class='ocr_line' id='line_1_30' title="bbox 313 4138 721 4207; baseline -0.007 -13"><span class='ocrx_word' id='word_1_211' title='bbox 313 4139 593 4205; x_wconf 76' lang='lat' dir='ltr'>¹l&#39;l&#39;urselli1ms,ll&#39;</span> <span class='ocrx_word' id='word_1_212' title='bbox 616 4155 641 4207; x_wconf 85' lang='lat' dir='ltr'>p.</span> <span class='ocrx_word' id='word_1_213' title='bbox 663 4138 721 4191; x_wconf 75' lang='lat'>184.</span> 
     </span>
    </p>
   </div>
   <div class='ocr_carea' id='block_1_8' title="bbox 0 0 1479 4936">
    <p class='ocr_par' dir='ltr' id='par_1_8' title="bbox 0 0 1479 4936">
     <span class='ocr_line' id='line_1_31' title="bbox 0 0 1479 4936; baseline 0 0"><span class='ocrx_word' id='word_1_214' title='bbox 0 0 1479 4936; x_wconf 95' lang='lat' dir='ltr'> </span> 
     </span>
    </p>
   </div>
  </div>
 </body>
</html>
