2946 4936
717 641 759 701 233

212 817 491 900 Verwiinselurng
525 815 606 880 odor
641 817 834 900 Beteurung
866 815 927 879 soll
952 837 1016 879 nur
1039 816 1150 899 gulten
1176 824 1273 881 unter

210 941 268 1005 der
290 941 494 1026 Bedingung
517 940 576 1004 der
598 941 641 1005 W
644 940 833 1004 irkliohkeit
856 940 948 1005 einer
973 941 1110 1006 Saone».

315 1066 374 1130 De¹
390 1065 509 1130 Pseud.
550 1067 642 1133 1070.
680 1065 739 1129 ubi
764 1065 919 1130 codicum
942 1065 1039 1130 lectio
1063 1066 1185 1130 uitiosa
1210 1072 1268 1131 ost.

208 1191 277 1255 iam
300 1191 505 1256 mentionem
531 1191 609 1267 feei;
642 1212 750 1254 unum
774 1197 887 1254 autem
912 1197 962 1255 est
985 1191 1187 1276 exemplum.
1214 1190 1271 1255 ubi
1358 1220 1365 1229 ‘

208 1315 412 1380 coniunet-iui
438 1315 578 1380 modum
602 1317 728 1379 iustum
752 1336 823 1379 esso
848 1322 996 1400 apparet,
1033 1315 1107 1378 Aul.
1134 1318 1198 1379 6423
1223 1316 1271 1380 Di

207 1463 254 1504 me
270 1443 419 1523 perdant,
454 1442 483 1505 sr'.
518 1463 572 1524 epo
607 1441 653 1505 tui
681 1441 848 1523 quiequam
880 1441 997 1505 abstuli
1021 1441 1095 1506 urire
1119 1442 1196 1505 odeo
1221 1443 1271 1504 ab·

207 1566 329 1630 stetisse
352 1567 468 1631 uellem.
510 1567 598 1630 Nam
622 1565 812 1650 potentialis
829 1572 879 1630 ost
903 1565 1147 1633 eoniunctiuus.
1170 1587 1272 1650 quem

207 1697 347 1774 apparet
370 1713 447 1755 oum
472 1692 507 1755 in
531 1691 605 1755 aliis
625 1691 807 1756 enuntiatis
831 1698 903 1754 tum
929 1691 984 1755 hie
1008 1690 1092 1755 bene
1117 1691 1272 1774 usurpari

207 1835 312 1898 posse.
361 1815 409 1880 Cf.
445 1817 568 1900 Reisig.
609 1815 841 1899 Vorlesungon
874 1817 1039 1901 herausg:
1057 1838 1123 1880 von
1147 1815 1268 1879 Haase.

209 1961 275 2004 neu
293 1939 474 2005 bearbeitet
490 1963 557 2006 von
574 1940 729 2005 Sclnnalz
747 1941 817 2003 und
830 1940 1010 2025 Landgraf.
1026 1961 1100 2025 pag.
1115 1941 1177 2002 411
1194 1938 1269 2003 adn.

314 2064 468 2150 Denique
504 2065 545 2130 de
580 2087 644 2128 usu
680 2065 919 2150 panicularum
957 2065 1022 2129 nisi
1046 2071 1080 2128 et
1101 2065 1136 2128 ar'
1160 2064 1194 2127 in
1220 2064 1272 2127 his

206 2188 388 2253 enuntiatis
424 2191 629 2254 mentionem
665 2189 795 2253 faciam.
856 2189 947 2254 Inter
983 2210 1067 2273 quas
1091 2187 1272 2273 particulas

205 2334 285 2377 eum
319 2313 386 2376 iam
431 2335 533 2398 snpra
574 2314 843 2379 confirmauerim
880 2312 963 2377 nihil
1008 2314 1176 2387 interesse,
1216 2313 1272 2376 hio

204 2435 302 2505 addo,
329 2437 587 2521 Brugniannum
599 2437 639 2501 de
652 2437 705 2502 his
722 2437 950 2502 detestationis
968 2436 1130 2522 exemplis
1147 2443 1271 2502 temero

203 2561 368 2628 statuisse.
397 2582 476 2625 eum
511 2563 670 2646 primaria
704 2563 906 2626 affinnatiua
941 2568 1036 2627 esset.
1072 2563 1138 2627 nisi
1174 2562 1272 2645 parti·

204 2685 316 2750 culam
340 2684 501 2752 adhiberi.
528 2708 604 2750 eum
631 2687 796 2770 negatiua.
826 2687 861 2751 nr'
889 2685 1089 2770 particulam
1108 2685 1145 2771 1);
1180 2685 1270 2770 quod

204 2811 385 2876 discrimen
409 2816 442 2875 et
465 2811 592 2874 ratione
617 2818 707 2875 carot
730 2832 839 2895 neque
864 2809 1026 2894 exemplis
1044 2810 1269 2874 confirmat-ur.

206 2935 298 3026 Uide·
328 2935 424 3001 Most.
462 2937 535 2999 222.
574 2934 641 2999 Mil.
678 2939 729 3013 92,
761 2935 877 3000 Pseud.
904 2936 978 2999 520.
1005 2934 1079 2998 Aul.
1107 2937 1180 3001 645),
1207 2935 1269 2999 Ad.

205 3062 280 3131 roo.
305 3081 392 3144 quae
427 3059 591 3145 exempla,
627 3060 702 3125 lieet
738 3082 845 3124 unum
871 3060 1057 3124 alterumue
1081 3061 1269 3143 genuinum

203 3207 273 3249 non
305 3186 355 3249 sit.
381 3192 497 3249 tamen
521 3193 560 3249 ut
583 3186 698 3250 omnia
721 3208 740 3249 a
765 3186 883 3249 Plauto
908 3192 939 3249 et
963 3185 1120 3248 'Ferentio
1144 3183 1271 3248 abiudi-

203 3331 329 3375 cemus.
355 3310 425 3374 fieri
450 3331 518 3374 non
544 3317 660 3394 potest.
699 3311 793 3374 Conf.
812 3310 991 3394 praecipue
1008 3309 1131 3392 Amph.
1151 3311 1268 3393 fragm.

202 3435 288 3499 XIII
313 3437 387 3500 Nisi
403 3436 459 3501 tor
484 3439 528 3500 ito
545 3437 720 3520 factumst.
737 3488 764 3499 ..
791 3457 853 3500 noa
877 3455 1005 3500 euersam
1030 3436 1099 3498 dieo
1123 3440 1200 3516 utria
1216 3489 1221 3500 .
1240 3488 1267 3498 ..

203 3566 239 3624 et
260 3558 348 3624 Rud.
378 3561 462 3623 roto
489 3562 534 3624 Ni
559 3564 651 3625 istum
675 3563 748 3643 rapi.
774 3562 863 3625 nuda
887 3581 984 3624 euerso
1008 3566 1052 3622 est
1075 3563 1215 3641 (111111...

522 3894 544 3972 ξ
567 3893 597 3953 a.
645 3891 700 3955 De
726 3892 947 3972 sponsione.

312 4110 377 4177 His
390 4111 562 4198 exemplis,
582 4134 668 4197 quae
692 4118 714 4198 ξ
742 4115 764 4175 4
787 4112 937 4176 tract-aui.
964 4112 1116 4195 proxime
1133 4111 1270 4174 coniun-

202 4234 315 4320 genda
338 4241 418 4301 sunt
440 4258 488 4301 ea.
514 4258 601 4323 <prae
625 4236 815 4322 sponsionis
844 4257 930 4321 quae
955 4244 1095 4300 uocatur
1119 4236 1190 4298 uim
1214 4236 1271 4301 ha·

315 4449 336 4523 ¹)
354 4451 371 4505 l.
391 4452 408 4504 l.
429 4468 492 4521 pag.
514 4453 553 4509 16.
