2946 4936
717 636 759 701 311

204 839 278 882 core
303 837 448 900 possum.
497 815 702 880 Addendunr
738 822 796 891 est,
822 815 913 900 qnod
936 817 1074 880 maximi
1102 816 1266 881 momenti

204 941 247 1005 ad
270 941 357 1005 hanc
394 962 504 1004 meam
541 941 754 1005 sententiam.
778 940 1044 1005 confirmandam
1069 948 1127 1016 est,
1153 962 1193 1005 ex
1218 948 1268 1006 tot

204 1064 296 1151 apud
319 1065 445 1150 priscos
470 1064 641 1150 exemplis.
667 1065 725 1128 ubi
750 1066 971 1150 imperatione
996 1065 1116 1130 modus
1139 1067 1174 1129 in
1191 1087 1266 1150 apo-

206 1191 276 1256 dosi
303 1191 440 1272 legatur.
467 1192 525 1254 nix
550 1189 617 1254 nilo
641 1190 713 1254 loco
740 1192 774 1253 in
799 1192 923 1274 protasi
948 1191 1202 1254 coniunctinnm
1220 1191 1267 1254 in·

203 1315 320 1380 ueniri.
372 1315 420 1379 De
450 1336 517 1400 qna
541 1314 657 1399 regula
681 1336 758 1379 onm
784 1316 849 1379 iam
880 1314 917 1378 Ο.
948 1316 1144 1398 Brnginann
1169 1308 1268 1400 scrip·

203 1441 290 1507 serit.
317 1440 371 1504 hio
396 1441 539 1504 sufficiat
567 1440 638 1504 eins
662 1439 766 1504 uerba
790 1441 919 1503 afferre.
968 1440 1086 1504 Postea
1111 1462 1171 1509 eno
1195 1439 1267 1505 loco

203 1587 275 1630 rom
310 1565 497 1629 accuratius
533 1564 681 1629 tractabo
717 1585 871 1648 (maeque
902 1564 1057 1649 exempla
1080 1585 1267 1649 repugnare

204 1688 419 1757 uidebuntur.
455 1689 654 1754 examinabo
674 1690 704 1774 ¹).
752 1690 803 1754 lta
825 1690 1023 1774 Brngmann
1048 1689 1264 1773 1111111112)...

207 1814 296 1879 «Seit
325 1817 420 1899 jener
448 1815 521 1878 Zeit
544 1814 629 1878 habe
654 1815 707 1878 ich
733 1814 858 1879 diesem
883 1815 997 1879 Pnnkt
1022 1815 1133 1879 weiter
1157 1815 1267 1879 moine

203 1939 514 2003 Anfmerksamkeit
549 1939 765 2022 angewendet
800 1939 869 2003 nnd
906 1939 959 2003 die
998 1939 1097 2023 {tegel
1128 1939 1266 2004 findas

203 2063 395 2128 archaisohe
428 2064 544 2127 Latein
571 2063 728 2147 bestatigt
750 2063 931 2147 gefunden.
980 2064 1025 2128 Es
1049 2063 1180 2128 soheint
1203 2065 1269 2127 mir

202 2188 394 2253 ausserdem
421 2187 596 2271 nnlogisch
621 2210 661 2252 an
690 2189 771 2264 sein,
798 2188 875 2252 dass
899 2189 953 2252 ein
979 2187 1094 2252 Befehl
1118 2189 1177 2252 anf
1193 2189 1266 2253 eine

204 2313 476 2396 Voranssetanng
510 2311 698 2397 gegriindet
733 2312 824 2390 nird,
859 2313 942 2376 iiber
965 2312 1067 2377 deren
1091 2312 1262 2378 Wirklich-

202 2438 270 2502 keit
306 2437 365 2501 der
396 2436 598 2502 Befehlende
630 2439 728 2502 einen
752 2436 885 2501 Zweifel
910 2438 1107 2521 anssprioht.
1156 2437 1266 2501 Einen

202 2561 338 2626 solchen
362 2562 662 2646 Spraobgebranch
679 2562 769 2626 kann
790 2561 845 2626 ioh
865 2563 929 2625 mir
947 2568 1014 2626 eret
1032 2563 1065 2625 in
1084 2563 1175 2626 einer
1190 2563 1267 2626 fort-

202 2686 476 2771 geschrittneren.
514 2687 696 2751 literarisch
731 2687 827 2751 mehr
850 2686 1101 2771 anagebildeten
1127 2685 1265 2771 Spraoh-

202 2810 337 2896 periodo
362 2810 504 2878 denken,
531 2833 580 2875 wo
597 2811 656 2875 der
672 2811 866 2875 Potentialis
883 2811 952 2875 sich
971 2833 1030 2875 aur
1045 2811 1265 2895 gemilderten

202 2936 432 3021 Behanptnng
456 2935 710 3019 abgeschwaoht
734 2937 833 2999 hat..
852 2963 876 2998 .»

309 3061 422 3136 Quam
446 3060 597 3142 regulam
633 3061 733 3124 otiam
771 3059 869 3124 latins
902 3067 1013 3144 patere
1038 3061 1136 3125 credo
1161 3084 1264 3145 <niam

201 3187 399 3270 Brngrnann
438 3185 552 3249 noluit.
604 3185 690 3249 Nam
727 3193 759 3248 et
794 3186 876 3249 ratio
908 3184 1004 3248 docet
1028 3192 1060 3249 et
1085 3185 1264 3250 multitudo

201 3309 434 3394 exemplorum
470 3331 556 3393 qnae
592 3310 708 3373 inueni
732 3311 916 3373 confirmat.
941 3308 1009 3373 iilic
1033 3332 1178 3394 qnoque.
1205 3311 1260 3375 nbi

201 3437 236 3499 in
272 3434 408 3520 apodosi
445 3436 596 3499 fntnrmn
634 3433 826 3519 imporatini
850 3435 881 3496 ni
909 3434 1097 3518 maeditnm
1123 3435 1262 3519 legatur,

202 3561 235 3623 in
261 3559 384 3644 protasi
410 3561 565 3643 usurpari
589 3559 821 3624 indicatinnm.

308 3685 402 3760 Quae
427 3707 503 3748 cami
529 3686 573 3748 ita
592 3686 665 3748 sint.
691 3685 817 3768 optimo
835 3686 905 3749 inre
926 3686 1024 3750 oredo
1041 3685 1262 3749 indicatimnn

201 3809 326 3894 nbiqnc
350 3809 530 3893 legendnm
556 3831 635 3874 esse.

513 3935 603 3998 liaeo
628 3934 782 4019 exempla
807 3936 942 3999 inneni:

312 4166 330 4231 ¹)
348 4169 382 4219 In
411 4169 575 4234 sponsionis
602 4169 743 4234 exemplis
768 4175 864 4220 tamen
893 4169 992 4222 dubito
1021 4173 1115 4221 utrum
1137 4168 1263 4221 1111111111ῖί-

203 4272 270 4309 umn
290 4257 440 4309 restituere
461 4274 579 4309 neccsse
599 4258 637 4309 nit
656 4273 755 4310 necne.

311 4343 330 4410 ⁹)
348 4346 365 4397 1.
386 4346 403 4397 l.
425 4362 487 4416 paga.
511 4346 550 4401 11,
