2946 4936
748 337 812 398 104

244 512 364 578 seriem
388 520 606 597 tenoremque
631 513 871 594 cogitationum
897 533 965 578 non
990 521 1058 578 tam
1083 519 1236 578 accurate
1258 513 1301 578 ob

243 644 400 702 seruaret.
449 637 541 713 Quin
576 637 666 722 apud
702 637 850 702 scenicos
887 637 1073 723 scriptoreS,
1103 645 1140 702 ut
1163 659 1308 722 quorum

243 783 434 827 sermonem
462 783 564 846 quam
590 761 761 826 celerrime
785 763 887 827 tinere
911 772 944 827 et
967 764 1128 847 responsa
1151 762 1312 827 incitatis·

243 886 326 951 sime
362 886 456 952 reddi
492 908 590 971 saepo
625 887 778 964 intersit„
802 893 942 972 apparet
964 886 1133 951 interdum
1159 887 1313 953 membra

243 1012 497 1089 sententiarum,
523 1033 609 1095 <lutto
633 1010 747 1075 animo
764 1010 872 1075 audiri
883 995 1029 1096 possint,
1046 1011 1172 1096 optime
1188 1011 1308 1077 omitti.

350 1135 416 1200 Eas
433 1136 615 1200 sententias
633 1134 889 1216 condicionalea
908 1156 994 1219 quae
1012 1136 1202 1200 decurtatae
1219 1143 1309 1214 sunt,

243 1260 278 1324 in
303 1259 370 1324 duc
393 1282 517 1345 genera
545 1259 719 1344 dispertire
745 1259 837 1324 licet:

353 1386 382 1471 1)
407 1385 475 1449 Eae
511 1385 704 1462 sententiae,
742 1405 828 1468 quac
862 1392 895 1450 et
917 1385 1065 1470 protasin
1092 1393 1124 1449 ot
1147 1385 1312 1468 apodosin

243 1509 360 1594 plenas
392 1511 606 1594 integrasque
631 1509 754 1573 habere
778 1508 946 1577 uidentur,
973 1530 1090 1574 reuera
1113 1516 1227 1573 autem
1252 1509 1311 1574 tali

244 1634 345 1699 modo
379 1635 467 1699 inter
497 1657 532 1698 so
556 1634 744 1698 cohaerent.
771 1642 808 1697 ut
831 1634 1000 1698 audienda
1024 1634 1067 1699 sit
1090 1633 1155 1698 alia
1179 1641 1312 1699 senten·

244 1759 299 1836 tia,
325 1780 394 1842 qua
418 1760 611 1824 restituatur
635 1758 736 1822 series
760 1759 1011 1842 cogitationum.

350 1883 381 1970 2)
405 1884 474 1948 Eae
498 1883 696 1947 sententiae
718 1904 804 1966 quae
829 1882 992 1967 apodesin
1017 1883 1224 1946 decurtatam
1249 1892 1311 1947 aut

242 2029 379 2093 prorsus
403 2009 563 2072 omissam
588 2007 722 2072 liabent.

266 2201 270 2208 ,
352 2134 380 2216 1)
404 2133 454 2197 De
477 2133 518 2197 iis
542 2131 735 2206 enuntiatio,
761 2153 904 2216 quorum
930 2130 1087 2216 apcdosis
1111 2138 1143 2196 et
1164 2133 1308 2217 protasis

241 2256 288 2321 ita
323 2257 522 2322 coniunctae
557 2263 645 2332 suut,
671 2262 709 2320 nt
732 2255 860 2340 aliquid
884 2256 1091 2320 audiendum
1116 2256 1160 2320 sit
1182 2256 1307 2333 animo,

242 2383 309 2446 iam
334 2404 436 2467 supra
460 2381 645 2446 maximam
661 2389 789 2466 partem
808 2381 1013 2445 mentionem
1031 2381 1186 2445 fecimus.
1219 2381 1308 2445 Nam

241 2514 274 2571 et
308 2508 432 2571 multas
468 2528 593 2582 earum,
631 2505 754 2589 quibus
779 2506 888 2569 {inuiis
922 2507 974 2569 uis
998 2505 1158 2582 subesset,
1184 2513 1306 2584 etone,

242 2652 329 2715 <tuae
365 2631 579 2717 sponsionem
617 2631 834 2695 continerent.
872 2631 929 2694 tali
966 2630 1066 2695 modo
1091 2629 1309 2715 explicandas

242 2778 322 2835 esse,
361 2757 430 2821 suis
465 2755 544 2819 iocis
580 2755 755 2819 ostendere
779 2762 919 2820 conatus
948 2777 1032 2820 sum.
1081 2755 1147 2819 Eas
1171 2776 1308 2839 quoque

242 2881 433 2955 sentcntiae,
468 2880 525 2944 ubi
549 2880 635 2944 ai:
653 2881 682 2944 ei
706 2883 795 2944 credo
820 2886 877 2948 est.
904 2880 1020 2944 cadem
1045 2879 1174 2944 ratione
1198 2880 1309 2964 expla-

240 3005 370 3070 nandas
395 3026 466 3070 esse
490 3027 530 3070 ex
556 3026 604 3081 ec,
630 3004 721 3089 quod
745 3025 847 3090 supra
863 3005 896 3089 (ᾗ
910 3008 940 3086 a)
958 3003 1139 3089 disputato,
1158 3010 1306 3088 apparet.

348 3130 435 3195 Sunt
458 3130 559 3195 ctiam
584 3129 842 3207 enuntiationes,
869 3128 927 3194 ubi
951 3129 1020 3193 uim
1044 3150 1065 3191 a
1079 3129 1109 3193 oi
1124 3127 1309 3212 particulae

240 3255 376 3320 notione
400 3256 538 3319 omnino
563 3254 707 3318 alienam
732 3253 830 3319 facile
854 3254 969 3319 credas
994 3253 1028 3317 in
1050 3251 1307 3330 eainesse,11isi

240 3380 396 3445 obserues
420 3380 521 3445 talem
538 3380 739 3444 sententiam
757 3401 816 3463 per
832 3378 1135 3463 breuiioquentiam
1153 3398 1307 3462 suppres-

240 3526 311 3569 sam
336 3527 416 3570 esse.
468 3504 567 3570 Uelut
596 3526 703 3588 pacm-
728 3505 943 3568 consecutiua
967 3501 1211 3587 significatione
1237 3523 1307 3586 par-

240 3629 341 3695 ticula
364 3631 394 3695 ci
418 3629 566 3714 praedita
592 3650 663 3693 esse
689 3629 822 3693 uidetur
846 3628 913 3691 Mil.
939 3631 1021 3690 toa:

240 3755 351 3820 Rotae
374 3755 445 3819 tuit
468 3775 515 3817 me
538 3753 694 3818 ioannem
718 3775 782 3818 esso
806 3753 942 3816 crucium
967 3751 1102 3817 iiiia-runi
1119 3750 1232 3833 pi'ctei.

241 3879 279 3942 Si
302 3901 355 3960 eye
379 3901 426 3942 mc
448 3878 561 3943 sciente
580 3884 709 3958 pictore·
731 3876 838 3941 cicino
862 3899 926 3941 ineo

240 4003 324 4066 Eum
340 4002 417 4087 fieri
441 4004 528 4083 apud
552 4025 597 4067 me
621 4008 684 4065 tom
709 3999 860 4083 iaciyaitc
883 4000 1065 4066 iniurium?

239 4125 296 4191 ubi
321 4133 397 4214 post
421 4147 556 4194 uersum
581 4129 645 4195 acti
670 4126 799 4210 (Ratun
822 4125 910 4192 istic.
925 4178 929 4188 .
945 4128 968 4211 .)
985 4123 1121 4192 auditur
1137 4126 1200 4192 hoc
1216 4126 1304 4192 tere:
