2946 4936
714 360 756 421 38

310 537 349 601 [n
383 537 540 602 eninibus
576 538 627 602 his
663 536 825 621 exemplis
856 536 1061 602 imlieatiuus
1085 538 1269 605 inuenitur.

206 684 315 746 neque
339 661 408 726 ulle
431 661 472 726 de
496 683 535 726 ee
559 661 713 727 eedienm
745 661 969 746 diserepantia
992 668 1050 726 θεῖ.
1098 662 1268 728 Futurum

205 792 336 872 tempus
361 794 393 851 et
417 807 574 872 praesens
598 807 674 850 enm
700 787 887 870 promiscue
904 787 1059 871 usurpari
1076 786 1266 865 uideantur,

205 918 318 976 tamen
343 918 482 997 apparet
517 917 644 975 eertum
680 909 859 974 diserimen
888 911 974 975 inter
998 911 1098 975 huius
1122 918 1155 976 et
1178 911 1267 975 illius

205 1057 305 1100 usum
330 1057 409 1101 esse.
459 1035 545 1099 Nam
571 1055 728 1119 praesens
753 1057 829 1099 enm
855 1034 1041 1101 adhibetur.
1059 1036 1088 1101 si
1104 1035 1269 1120 particula

203 1160 359 1244 inprimis
382 1161 606 1224 affirmantem
627 1159 917 1242 obtestantemque
943 1161 1012 1222 uim
1038 1159 1147 1238 habet,
1166 1160 1267 1226 idem-

204 1306 270 1368 que
294 1291 344 1349 est
367 1291 468 1368 atque
492 1283 583 1368 quod
608 1305 668 1347 nos
693 1284 816 1348 suetiee
841 1283 1001 1349 dieimus:
1034 1289 1073 1349 act
1094 1292 1169 1350 aaut
1191 1307 1265 1350 som.

203 1409 288 1472 Cum
305 1416 419 1473 autem
436 1410 585 1473 futurum
604 1408 749 1492 ponitur,
767 1407 973 1473 condicionis
994 1409 1045 1474 uis
1064 1416 1216 1475 remanet
1234 1409 1265 1493 ¹).

314 1533 400 1597 Cum
435 1533 470 1596 in
506 1533 558 1596 his
594 1531 755 1615 exemplis
790 1532 936 1597 formula
965 1534 1003 1598 'si
1026 1533 1111 1598 uino'
1135 1540 1195 1597 aut
1218 1534 1268 1599 ”si

202 1658 322 1723 εἰωθυῖ’
358 1678 491 1742 semper
520 1659 588 1721 fere
614 1658 813 1733 inueniatur,
839 1657 946 1722 maior
969 1657 1108 1741 quidem
1132 1657 1267 1723 dieendi

202 1783 346 1847 uarietas
380 1789 494 1849 exstat.
522 1781 579 1846 ubi
603 1781 686 1846 alter
709 1781 850 1846 alterum
875 1782 1004 1866 aliquid
1028 1788 1150 1846 menet.
1199 1782 1267 1848 Hie

202 1928 334 1991 semper
369 1927 525 1991 praeseus
561 1913 694 1990 tempus
729 1908 909 1971 inuenitur.
951 1905 1082 1971 duobus
1118 1907 1267 1991 exeeptis

202 2031 373 2117 exemplis.
410 2053 555 2114 querum
587 2031 728 2115 protasis
759 2037 808 2095 est
832 2032 869 2096 'aa'
891 2032 1017 2114 anpim':
1041 2031 1141 2095 Bach.
1170 2031 1265 2096 1002.

202 2159 276 2221 Non
311 2156 412 2237 dalaia,
447 2156 476 2220 si
507 2156 620 2237 sapien
672 2154 755 2219 liud.
795 2158 888 2220 13m.
939 2156 976 2220 Si
1000 2156 1112 2238 aupiea,
1138 2157 1265 2223 tacebis.

201 2280 267 2346 Ubi
303 2280 454 2344 futurum
489 2281 611 2362 'sapies'
647 2279 884 2364 explicandum
913 2287 962 2344 est
986 2301 1121 2363 prorsus
1145 2279 1267 2345 eedem

202 2403 300 2469 mede
324 2412 425 2488 atque
450 2405 488 2469 'ai
510 2404 631 2470 aianrn'
656 2403 745 2489 (uide
769 2405 890 2489 supra).

308 2530 342 2594 si
366 2529 520 2593 codicum
544 2528 773 2593 anctoritatem
799 2529 983 2612 sequimur,
1001 2528 1121 2592 medus
1138 2529 1173 2591 in
1190 2526 1266 2595 aliis

201 2652 365 2737 exemplis
403 2652 607 2717 indicaturus
642 2653 677 2717 in
713 2653 786 2716 aliis
821 2655 1057 2718 ceniurretiuus
1082 2659 1268 2736 usurpatur

201 2778 254 2843 ita.
281 2785 318 2842 ut
342 2778 448 2842 multo
473 2777 663 2861 praeualeat
688 2777 860 2842 indicatiui
886 2800 975 2841 usus.
1014 2778 1131 2861 Neque
1149 2783 1266 2843 tamen

200 2902 263 2967 hee
287 2903 357 2967 sola
381 2924 415 2966 re
439 2903 532 2965 nisus
557 2901 753 2966 erediderim
780 2901 905 2985 ubique
924 2904 1000 2966 'esse
1018 2900 1264 2966 restituendum

204 3027 294 3091 hune
331 3027 479 3092 modum.
527 3026 613 3088 Nam
649 3027 778 3089 utiam
803 3027 838 3088 iu
862 3027 1067 3110 praefatione
1092 3026 1171 3104 dixi,
1197 3028 1265 3091 nisi

201 3172 324 3236 magna
340 3153 437 3236 copie
449 3149 679 3234 exemplorum
693 3171 793 3214 nsum
807 3150 969 3214 sermonis
983 3152 1062 3215 sertis
1076 3152 1261 3218 continuat.

201 3277 341 3341 minime
376 3275 418 3340 ad
454 3296 556 3339 unam
595 3275 741 3358 regulam
779 3275 976 3359 corrigenda
1011 3282 1090 3339 suut
1113 3297 1152 3339 ea
1176 3296 1263 3359 qnae

201 3407 398 3486 repugnant.
448 3400 564 3484 Neque
589 3400 678 3464 enim
705 3399 815 3464 adhue
832 3399 1044 3464 corroborate
1061 3406 1131 3464 erat
1146 3399 1263 3484 lingua

200 3527 394 3612 priscorum.
454 3524 518 3588 His
547 3532 660 3589 autem
697 3525 738 3589 de
774 3525 935 3609 exemplis
971 3546 1049 3589 eum
1086 3525 1167 3588 mihi
1192 3546 1263 3609 per-

202 3651 378 3716 suaderem
402 3670 457 3714 ees
482 3670 665 3734 perpaucos
690 3671 807 3714 uersus
829 3649 887 3714 ubi
911 3649 1146 3714 eoniunetiuus
1171 3649 1262 3714 inue-

203 3777 339 3851 niretur,
365 3773 578 3858 corrigendos
602 3795 683 3851 esse,
710 3776 782 3858 ipsa
806 3795 858 3837 me
883 3774 966 3837 ratie
991 3772 1111 3837 deeuit.
1160 3772 1261 3837 Nullo

200 3899 290 3965 enim
314 3898 415 3963 mede
444 3919 530 3982 quae
565 3899 617 3962 uis
641 3899 677 3961 in
702 3898 757 3962 ille
782 3899 997 3962 eoniunetiue
1023 3898 1110 3974 insit,
1137 3898 1260 3983 perspi-

201 4074 413 4081 —..-—-.

311 4169 328 4237 ¹)
347 4170 390 4224 Gr.
409 4170 602 4225 leenbusrlr
623 4169 641 4221 l.
661 4168 679 4219 l.
700 4185 761 4233 pua.
782 4168 824 4221 et».
