2992 5130
179 991 484 1079 antiquissimi:
510 995 662 1059 oidr'stis?
687 995 785 1058 dioilo.
800 993 962 1057 -dicila
985 988 1178 1056 tridislt‘src?
1201 1027 1244 1036 -«

522 1121 631 1183 dicite:
654 1141 728 1183 nom
754 1117 907 1182 salutato?

524 1243 624 1327 [dicite
648 1247 678 1306 si
701 1243 722 1323 (i
747 1241 866 1305 sedant
891 1241 977 1324 lalll:
1002 1241 1156 1306 uidistis?

521 1371 622 1432 uisum
647 1368 695 1432 si:
720 1367 864 1451 donrisl?}
894 1401 897 1408 Α

183 1564 325 1629 modii:
524 1565 615 1628 dicite
655 1565 831 1637 audistisne.
869 1601 911 1609 —-
949 1563 1050 1644 dicito,
1086 1584 1160 1626 auru
1200 1565 1244 1626 ηἰ-

526 1687 626 1752 dislt's.
670 1741 671 1744 ,

523 1815 623 1876 dicite.
648 1817 676 1876 si
698 1811 835 1875 ‘ur'dlstia

522 1937 637 2008 uisam,
662 1941 690 2000 sl
714 1939 834 2000 ‹lomist

182 2134 464 2218 posteriores:
522 2135 623 2215 dicite,
659 2132 854 2196 uideritt'sne.
893 2171 932 2178 —
967 2133 1067 2214 (licite,
1102 2136 1245 2195 norit-ul-

526 2259 646 2322 darilla.

277 2466 281 2473 .
523 2385 637 2455 alsam,
661 2384 689 2445 ai
713 2368 796 2445 (lomi
819 2385 868 2446 sit.
1006 2467 1009 2476 Ι

290 2506 385 2570 lllam
420 2506 605 2590 plautinam
643 2505 786 2569 formam
820 2498 912 2570 (licite
941 2508 969 2569 al
998 2506 1135 2588 uidistis,
1167 2526 1247 2569 uere

185 2629 330 2696 mediam
356 2651 428 2695 esse
451 2631 538 2696 inter
562 2629 749 2714 priscorum
774 2637 806 2694 et
834 2630 1049 2694 classicorum
1065 2651 1165 2693 usum
1184 2651 1247 2693 scr·

182 2754 292 2820 monis
316 2756 384 2820 iam
409 2776 449 2819 ex
474 2754 657 2820 indicatiuo
681 2762 829 2840 apparet,
856 2775 934 2818 cum
958 2753 1054 2818 facile
1076 2753 1246 2817 intellectu

183 2881 234 2947 sit.
261 2880 288 2945 si
312 2879 516 2944 indicatiuus
534 2884 693 2964 ponatur,
720 2878 871 2944 nontam
890 2885 960 2942 arte
977 2878 1157 2963 primariae
1173 2877 1247 2942 sub·

182 3004 329 3070 iunctam
363 3026 434 3070 esse
459 3003 690 3068 secundariam
717 3025 820 3088 quam
845 3003 873 3066 si
896 3003 1132 3067 conuinctiuus
1156 3002 1247 3082 adhi-

184 3106 310 3194 beatur.

291 3253 330 3317 ln
355 3253 417 3318 hac
441 3253 544 3336 igitur
573 3253 784 3337 paragrapho
810 3246 995 3318 ostendisse
1020 3252 1103 3315 mihi
1120 3252 1245 3316 uideor.

176 3360 275 3463 'apud
309 3377 467 3441 Plautum
503 3377 532 3441 si
563 3376 821 3461 particularum
847 3375 1040 3440 luriusmodi
1065 3377 1248 3440 omunia-tis

183 3481 256 3567 uim
279 3523 358 3566 uere
381 3501 647 3566 condicionalem
670 3501 857 3578 retinuisse,
884 3522 993 3584 neque
1019 3501 1085 3565 ullo
1102 3502 1174 3565 loco
1186 3522 1248 3586 pro

184 3627 424 3711 interrogatiua
447 3647 518 3692 esse
543 3626 784 3711 accipiendam,
811 3624 902 3710 apud
922 3617 1117 3690 'l'crcntium
1134 3634 1248 3690 autom

184 3751 252 3816 iam
267 3772 336 3815 uno
352 3760 412 3814 aut
427 3752 530 3815 altero
548 3751 619 3815 looo
636 3751 716 3815 talia
732 3751 886 3834 exernpla
902 3750 1057 3828 inueniri,
1072 3749 1130 3814 ubi
1144 3751 1248 3835 suspi-

184 3876 252 3940 cari
272 3875 369 3940 liceat
387 3877 416 3940 si
437 3874 636 3959 particulam
653 3875 894 3959 iuterrogatiua
909 3875 945 3938 ui
962 3874 1149 3958 praeditam
1166 3895 1246 3938 esse.

456 4179 478 4263 ξ
501 4182 530 4242 tl,
580 4178 626 4246 Si
651 4178 976 4261 significationem

411 4305 631 4387 particulae
660 4304 863 4369 simodo
887 4304 1019 4369 habet.

291 4488 430 4571 Langen
455 4488 619 4571 (Bcitrago
641 4511 672 4573 p.
691 4490 754 4551 337
770 4519 811 4541 =
825 4488 1014 4571 Nachtragc
1031 4488 1101 4552 und
1118 4487 1249 4552 Berich-

185 4613 349 4697 tigungen
384 4612 426 4677 ad
463 4635 493 4696 p.
534 4613 588 4696 alu)
620 4613 758 4697 negauit
792 4617 820 4676 a·
854 4615 941 4677 niodo
976 4614 1158 4697 particulae
1193 4633 1248 4675 uo-
