2946 4936
522 676 545 747 ς’
568 670 597 731 2.
645 669 702 734 De
729 670 944 750 promissis.

306 892 392 956 (um
418 893 457 956 iis
481 891 673 955 enuntiatis.
699 889 822 974 quibus
839 891 952 955 minae
969 893 1093 957 instuit.
1111 897 1278 977 proxime

203 1018 389 1103 comparari
414 1031 555 1101 possunt
580 1037 626 1079 ea.
653 1037 740 1100 quae
764 1016 928 1100 promissa
951 1017 1134 1081 continent.
1184 1019 1272 1096 Qui-

203 1143 265 1207 bus
289 1152 402 1207 tamen
428 1152 497 1205 tarn
522 1150 631 1204 certae
654 1154 685 1205 et
709 1140 866 1204 definitae
882 1139 971 1221 leges
989 1157 1182 1226 temporum
1199 1167 1274 1210 non

204 1268 319 1332 natent
342 1288 445 1352 quam
469 1265 543 1329 illis.
593 1265 679 1328 Nam
704 1265 759 1328 hic
784 1267 936 1329 futurum
961 1282 992 1330 et
1020 1285 1179 1350 praeseus
1196 1290 1275 1354 pro

202 1393 329 1456 misene
364 1393 433 1456 fere
468 1391 624 1474 usurpari
659 1390 825 1454 uidentur.
874 1390 915 1454 Et
949 1412 987 1455 ea
1012 1392 1135 1476 regula.
1161 1415 1273 1478 quam

202 1526 347 1582 statuere
382 1515 455 1581 uult
492 1514 718 1579 Rodenbuseh
739 1520 767 1597 Ι).
805 1524 841 1578 ut
877 1516 985 1579 facilis
1008 1537 1089 1581 sane
1112 1530 1144 1581 et
1169 1539 1274 1604 expe·

204 1642 273 1706 dita
297 1654 355 1706 est.
382 1641 429 1705 ita
452 1639 552 1704 latius
576 1647 666 1724 patet
691 1641 866 1723 magisque
890 1648 940 1704 est
963 1641 1090 1705 incerta
1108 1663 1215 1726 qnam
1231 1654 1274 1711 ut

205 1768 306 1833 ullius
330 1766 373 1830 ad
398 1787 468 1830 rem
499 1763 733 1849 explicandam
770 1767 931 1828 momenti
957 1766 1008 1829 sit.
1056 1765 1139 1830 Eius
1162 1767 1273 1835 uerba

202 1893 285 1958 haec
320 1900 414 1957 sunt:
456 1889 627 1954 «Alterum
662 1910 769 1973 genus
804 1889 867 1954 hoc
903 1899 961 1955 est.
987 1898 1024 1954 nt
1048 1911 1207 1974 praesens
1230 1893 1271 1960 in

203 2017 328 2102 protasi
353 2022 499 2101 ponatur
522 2035 560 2078 ea
585 2013 626 2078 de
650 2034 759 2078 causa.
786 2021 823 2078 nt
848 2014 959 2078 minus
986 2015 1166 2080 iuratione
1186 2025 1270 2082 tem·

205 2140 310 2228 porali
346 2161 449 2226 qnam
485 2139 520 2202 in
556 2137 752 2203 condicione
787 2140 861 2222 ipsa
895 2139 1053 2222 ponderis
1077 2141 1179 2204 situm
1204 2143 1268 2222 sit;

203 2267 294 2352 quod
318 2264 488 2350 quomodo
512 2263 554 2327 sit
577 2262 825 2347 explicandum.
851 2262 929 2327 inde
953 2272 1101 2347 apparet.
1123 2264 1214 2349 quod
1231 2267 1268 2332 in

203 2391 371 2476 praesenti
397 2389 509 2453 minus
533 2389 698 2453 rationem
722 2388 940 2472 temporalem
965 2388 1094 2453 elucere
1106 2389 1268 2461 uidimus,

203 2516 260 2582 sod
298 2514 424 2580 nudam
461 2513 557 2599 quasi
590 2513 756 2578 actionem
781 2511 954 2597 temporali
980 2513 1115 2578 notione
1139 2515 1270 2581 exsolu-

202 2650 304 2706 tam».
353 2640 417 2705 Sed
442 2639 524 2724 quid
548 2639 610 2704 sibi
636 2639 717 2704 uelit
740 2639 798 2703 illa
817 2639 921 2703 «aetio
938 2639 1113 2722 temporali
1129 2635 1269 2708 notione

202 2768 384 2836 exsoluta»,
410 2773 443 2830 et
467 2786 533 2849 quo
558 2764 658 2829 modo
685 2787 725 2828 ex
750 2763 912 2848 exemplis
936 2762 978 2827 ab
1002 2785 1040 2827 eo
1064 2764 1172 2829 allatis
1195 2787 1269 2850 per-

201 2892 284 2977 spici
309 2891 414 2976 possit
440 2890 585 2954 «riudam
611 2890 708 2974 quasi
732 2890 917 2954 actionem»
946 2888 992 2953 ibi
1016 2889 1150 2954 ualere?
1178 2897 1268 2956 certe

202 3039 270 3081 non
295 3015 418 3081 aliare
442 3037 544 3100 quarn
570 3015 643 3099 ipso
667 3013 723 3078 illo
747 3023 897 3098 temporo
921 3015 1104 3098 praesenti!
1145 3015 1268 3082 Nonne

202 3142 303 3224 igitur
333 3141 387 3206 hic
422 3148 471 3206 est
506 3142 543 3205 ic.
581 3141 640 3224 qui
676 3140 710 3202 in
743 3140 850 3223 logica
875 3146 1020 3204 uocatur.
1047 3141 1190 3206 circulus
1213 3140 1266 3206 de-

204 3266 436 3332 monstrandi?
484 3267 575 3343 Quin
611 3265 711 3330 etiam
747 3265 775 3328 si
810 3265 883 3349 ipsa
915 3265 1069 3348 exempla
1092 3286 1112 3329 a
1135 3266 1266 3330 Redeu-

203 3391 341 3457 buschio
370 3391 470 3456 allata
500 3391 688 3455 accuratius
722 3389 903 3458 examines,
933 3391 1029 3454 facilc
1053 3389 1167 3454 uidere
1191 3390 1267 3456 licet

202 3538 304 3600 (ptam
341 3515 476 3581 incertis
512 3515 692 3600 dubiisque
727 3514 851 3579 finibus
887 3536 957 3579 rem
982 3514 1264 3580 detenninanerit.

203 3640 288 3705 Nan}
325 3662 403 3706 cunr
439 3640 505 3704 dno
544 3661 705 3724 «genera»
743 3639 899 3705 attulerit.
933 3638 990 3702 ubi
1025 3660 1182 3722 praesens
1205 3661 1266 3725 pro

202 3768 312 3830 futoro
327 3772 513 3851 poneretur,
532 3764 824 3848 <‹um1111»,inquit.
843 3784 968 3848 «genus
984 3762 1156 3827 inuenitur
1173 3765 1266 3828 dum-

203 3896 295 3955 taxat
329 3890 363 3954 in
401 3888 524 3974 protasi
552 3889 718 3969 negatura.
756 3890 783 3953 si
819 3887 995 3952 celeritatis
1027 3887 1266 3972 significandae

315 4131 333 4195 ¹)
352 4132 368 4183 1.
389 4131 405 4183 1.
427 4148 488 4197 pau.
508 4130 551 4181 dt).
