2946 4936
717 695 736 760 3

202 875 387 959 generatim
414 875 576 940 utendmn
606 895 677 939 csse
701 874 799 939 credo
823 874 859 938 in
882 874 1076 939 huiusmodi
1101 874 1263 959 quaestio-

205 1000 304 1063 nilms
329 1000 369 1064 ad
395 1001 579 1084 priscorum
606 985 779 1084 poetarum
806 1021 904 1064 nsum
930 1000 1183 1083 pertinent-ibus.

308 1125 461 1188 Primum
485 1125 587 1209 igitur
613 1145 740 1201 moneo,
767 1146 808 1188 nc
832 1124 934 1188 nimis
952 1124 1049 1188 metri
1067 1125 1263 1188 necessitato

202 1257 332 1312 coactos
367 1249 543 1313 credamus
578 1249 703 1332 priscos
738 1255 853 1333 poetas
890 1250 977 1331 leges
1009 1250 1172 1313 sermonis
1197 1249 1263 1312 uio-

202 1373 288 1438 lasse
313 1395 398 1437 neue
423 1373 467 1450 id,
493 1373 582 1457 qnod
618 1381 734 1438 contra
764 1395 865 1436 usum
889 1374 1106 1457 antiquorum
1130 1374 1263 1458 scripto-

202 1521 277 1562 rum
314 1498 365 1571 sit,
402 1497 437 1560 in
473 1497 597 1561 tabulis
633 1498 679 1561 ita
710 1497 932 1562 defendamus
968 1497 1021 1561 uel
1047 1497 1261 1582 explicemus,

205 1617 242 1686 nt
266 1629 412 1686 metrum
436 1622 523 1685 hane
552 1621 688 1686 illamuo
724 1623 867 1686 lormam
891 1621 1077 1706 postulasse
1102 1623 1261 1687 dicamus.

207 1748 249 1812 Ut
274 1770 291 1811 e
315 1746 430 1810 multis
448 1768 553 1810 nnmn
571 1747 673 1810 huius
690 1768 868 1831 peruersae
885 1747 1114 1831 explicationis
1132 1769 1263 1832 exemp·

204 1873 271 1935 lum
298 1873 448 1946 afferam,
474 1871 618 1934 Brslnne
638 1870 657 1955 ¹)
682 1870 767 1956 (pag.
793 1870 847 1956 40)
872 1871 1003 1935 scribit:
1042 1872 1111 1935 «Ex
1135 1872 1188 1935 liis
1212 1895 1263 1936 ex-

203 1997 322 2080 emplis
354 1997 468 2064 elimet.
506 2004 621 2080 poetas
655 1995 750 2060 metri
775 1996 972 2060 necessitate
996 2003 1126 2060 coactos
1151 1997 1185 2060 in
1210 1997 1262 2060 ad-

204 2120 351 2185 hibendo
386 2122 501 2184 futuro
537 2126 652 2184 exacto
688 2120 730 2183 ad
765 2119 799 2183 id
827 2120 979 2184 licentiae
1003 2121 1203 2205 processisse
1227 2128 1278 2200 ut

202 2248 354 2310 loturum
392 2254 548 2309 exactum
584 2266 650 2308 non
687 2266 810 2329 magno
847 2245 1045 2309 discrimine
1066 2246 1262 2330 interposito
1307 2272 1311 2279 ·

203 2392 263 2455 pro
288 2372 403 2433 tuturo
426 2369 436 2431 l
463 2377 641 2453 ponerent;
660 2390 763 2452 quare
788 2369 959 2434 neminem
982 2371 1099 2453 lugiet,
1125 2371 1183 2453 qui
1208 2369 1264 2433 illa

203 2496 357 2578 exempla
380 2494 567 2557 accuratius
592 2493 819 2576 exquisiuerit,
844 2494 879 2557 in
904 2493 944 2558 iis
969 2494 1093 2558 futuris
1116 2495 1263 2579 uulgaris

202 2619 400 2683 elocutionis
425 2617 567 2701 uestigia
590 2618 744 2698 cognosci
769 2639 876 2701 posse.
910 2621 1020 2702 Atque
1044 2619 1264 2684 inueniuntur

203 2744 358 2827 exempla
381 2749 515 2807 centnm
553 2741 671 2823 uiginti
708 2750 834 2826 septem
864 2743 983 2806 ultimo
1007 2745 1078 2807 loco
1103 2765 1262 2808 uersuum

202 2868 409 2931 senariorum
434 2866 665 2942 iambicorum,
692 2866 746 2929 uni
774 2866 940 2950 integrum
966 2868 1087 2951 pedem
1111 2869 1189 2952 poni
1217 2869 1262 2931 ni-

203 2993 324 3061 dimus,
339 2991 429 3076 qnod
453 3013 512 3075 per
536 2991 681 3055 formam
707 2992 811 3054 futuri
837 2992 945 3055 exacti
969 2993 1038 3057 fieri
1060 2999 1176 3077 potest.
1196 3014 1263 3075 non

203 3119 280 3181 item
306 3138 366 3200 per
384 3116 493 3179 futuri
532 3114 631 3199 primi
667 3116 844 3179 formam».
893 3116 937 3179 nt
961 3117 1077 3180 eodem
1104 3118 1173 3182 iure
1198 3117 1263 3181 dici

202 3249 312 3325 potest
330 3249 430 3323 atque
444 3239 525 3302 milri
541 3239 677 3323 <pridem
693 3240 805 3304 uerius
818 3239 953 3304 uidetur
965 3263 1045 3314 esse,
1064 3263 1136 3305 cam
1154 3242 1263 3326 ipsam

203 3365 244 3430 ob
269 3387 348 3431 rent
383 3363 474 3448 quod
510 3364 694 3427 clausulam
730 3385 908 3429 mnnerosc
933 3365 1105 3430 cadentem
1133 3367 1263 3450 egregie

150 3540 153 3547 .
202 3493 346 3554 ellicoret
368 3489 475 3552 lntnri
500 3489 607 3552 exacti
642 3489 759 3563 duma,
784 3489 819 3552 in
845 3491 917 3574 ipso
942 3490 1008 3554 fine
1032 3512 1149 3555 uersus
1174 3492 1261 3555 hanc

203 3618 347 3678 fomlam
380 3613 531 3698 posuisse
567 3620 690 3696 poetas,
717 3635 826 3697 nequo
850 3653 892 3660 —
916 3615 951 3677 id
975 3614 1067 3698 quod
1091 3615 1262 3680 contendit

202 3740 345 3804 llrelnnc
381 3777 421 3784 -
459 3745 575 3802 contra
610 3759 708 3801 nsum
745 3739 908 3802 sermonis
936 3740 1032 3803 metri
1068 3741 1262 3805 necessitate

202 3871 333 3929 coaetos
373 3866 524 3926 t'nturnm
566 3868 720 3926 exactum
764 3884 824 3946 pro
863 3865 978 3926 l'uturo
1022 3864 1129 3948 primo
1172 3864 1263 3928 adlri-

203 3990 322 4054 iniisse.
372 3989 468 4051 (font.
499 3987 684 4069 irrf1·a§l.

313 4221 331 4282 ¹)
350 4223 378 4272 F.
407 4221 539 4286 Brolnne‚
568 4221 742 4284 Linguarnm
772 4222 948 4274 nouiciarnm
979 4223 1072 4274 laxam
1102 4227 1262 4288 temporum

202 4311 440 4373 simiilirationem
461 4311 517 4361 iarn
538 4310 639 4375 priscis
660 4311 773 4376 linguae
793 4311 898 4362 latinae
918 4312 1096 4376 temporibus
1110 4312 1139 4363 in
1154 4312 1263 4374 uulgari

202 4401 362 4451 elocutione
382 4399 504 4465 perspici
525 4416 618 4464 posse.
657 4399 801 4464 Gottingae
823 4400 897 4451 rani.
