2946 4936
753 344 795 405 74

464 521 584 587 Uisrma
610 524 638 584 at
663 520 784 585 ‹Iorrrist

457 645 486 708 ,π’
509 645 631 726 domist,
656 645 768 710 ranam.

459 769 497 832 Si
521 771 599 851 quid
622 769 680 848 trie,
705 770 829 850 impem

456 895 589 976 impero,
614 893 743 974 etquid
770 893 829 958 uis.

351 1016 461 1081 immo
495 1038 573 1081 uero
604 1017 688 1081 nihil
719 1017 818 1082 oredo
841 1017 1009 1082 interesse.
1036 1023 1149 1081 utrum
1177 1023 1313 1101 praeeat

244 1162 290 1205 au
314 1147 475 1224 sequatur
498 1143 659 1225 protasis„
699 1141 744 1206 At
767 1148 883 1206 eontra
910 1142 1112 1206 senteutiam
1135 1140 1312 1226 uulgatam

244 1264 328 1328 mihi
352 1264 489 1349 quidem
514 1287 712 1350 persuasum
739 1273 795 1335 est,
822 1265 915 1330 nullo
939 1265 1010 1330 loeo
1034 1265 1125 1350 apud
1149 1264 1311 1330 Plautum

245 1388 361 1453 saltem
388 1389 530 1453 inueniri
558 1390 755 1474 particulam
780 1391 809 1454 si
833 1390 1076 1474 significatione
1088 1389 1312 1454 condicionali

245 1535 381 1597 prorsus
417 1521 553 1578 exutam
589 1522 622 1579 et
656 1516 794 1579 omniuo
830 1515 947 1579 eadem
971 1514 1006 1578 ui
1030 1511 1218 1598 praeditam
1243 1535 1313 1598 qua

245 1637 443 1722 particulari}
481 1659 559 1702 uere
594 1639 882 1724 iuterrogatimtm.
931 1637 1032 1714 Qurod
1067 1645 1104 1703 ut
1128 1637 1310 1715 crederem,

246 1761 370 1827 multae
394 1784 474 1827 sane
501 1786 553 1828 me
577 1786 698 1829 eausae
723 1771 911 1828 mouerunt.

351 1887 502 1952 Primum
543 1888 883 1953 animaduertendum
927 1896 984 1953 est.
1028 1909 1201 1972 nusquam
1235 1893 1313 1972 post

244 2011 348 2076 uerba
372 2013 511 2095 rogandi
537 2014 691 2097 usurpari
716 2016 745 2078 ri
759 2036 898 2077 :uerna
948 2012 1025 2077 Uno
1049 2012 1120 2077 loeo
1145 2018 1222 2096 post
1244 2010 1312 2076 tale

245 2136 387 2200 uerbum
424 2141 452 2200 si
487 2137 650 2223 particula
686 2138 859 2202 inuenitur
887 2137 986 2201 Mero.
1013 2139 1074 2200 uer
1103 2137 1217 2219 Ropiio
1240 2136 1314 2218 quis

245 2283 313 2326 eam
335 2264 487 2339 sarrexerit,
505 2263 713 2344 (prietatem,
731 2264 759 2327 si
775 2262 913 2327 iactandi
918 2262 1007 2327 uerit.
1050 2261 1115 2326 Ubi
1137 2260 1225 2326 inter
1239 2281 1312 2325 uer-

245 2385 325 2449 bum
352 2386 492 2470 rogaudi
517 2394 547 2450 et
578 2387 843 2451 enuntiationem
869 2408 889 2450 a
911 2387 945 2450 ai
965 2385 1127 2470 partioula
1151 2384 1312 2469 incipien-

244 2517 311 2573 tem
348 2510 523 2575 inte1·oedit
555 2533 633 2576 uere
669 2513 917 2596 interrogatiua.
953 2531 1039 2594 quae
1063 2533 1083 2575 a
1108 2509 1310 2595 pronomine

246 2634 317 2715 quis
339 2635 465 2719 incipit,
494 2637 667 2700 sententia.
702 2645 737 2700 ut
773 2636 830 2700 illa
853 2634 1091 2699 rondieionalis
1116 2655 1133 2698 e
1159 2631 1312 2698 similitu·

245 2757 323 2821 diue
349 2780 464 2822 eorum
489 2761 729 2843 exmuplorum.
760 2782 846 2844 quae
880 2782 952 2844 pag.
985 2761 1026 2823 72
1058 2757 1165 2834 attuli,
1193 2757 1309 2844 (Poen.

250 2885 341 2947 1063.
369 2883 469 2946 Stiolr.
499 2887 554 2946 lo]
585 2885 658 2969 eet.)
683 2884 882 2969 explieauda
907 2884 949 2947 sit
976 2883 1130 2964 tenente:
1166 2884 1225 2968 jag
1247 2882 1312 2947 fra·

245 3029 305 3090 gar
328 3008 428 3071 hvem
455 3030 525 3072 som
553 3009 690 3072 lrortiort
716 3010 826 3073 henne
850 3008 983 3072 forden
1001 3006 1312 3072 lrandeiseatthan

245 3131 352 3196 skuile
377 3133 479 3197 hafva
503 3134 578 3197 hort
602 3133 671 3212 det;
699 3135 780 3198 haee
805 3141 921 3197 ‹outra
945 3133 1152 3215 Ussiugium.
1179 3154 1211 3197 u.
1238 3133 1312 3197 eius

246 3255 287 3319 ad
313 3257 344 3319 h.
371 3256 390 3319 l.
420 3257 510 3334 adut

352 3381 481 3446 Deinde
501 3383 752 3448 obseruandum
776 3392 833 3461 est,
861 3383 985 3466 ubique
1011 3392 1086 3466 post
1109 3381 1213 3445 uerba
1236 3401 1310 3445 sen·

245 3505 359 3571 tieudi.
397 3505 597 3583 deelarandi,
636 3508 823 3593 imperandi
861 3507 1081 3571 iudicaturum
1118 3506 1153 3569 iu
1183 3507 1312 3590 protasi

245 3629 390 3694 inueniri
415 3653 493 3695 eum
526 3633 561 3695 iu
596 3632 670 3695 aliis
694 3632 856 3717 exemplis
881 3639 951 3695 tum
978 3631 1086 3695 iniis.
1113 3630 1172 3695 ubi
1195 3649 1310 3695 seeun-

246 3753 327 3817 dum
351 3776 450 3818 usuur
475 3755 586 3820 Plauti
611 3765 641 3820 et
666 3757 821 3821 'Perontii
853 3757 878 3819 si
906 3778 939 3819 ro
963 3778 1044 3820 uera
1068 3761 1153 3820 esset
1177 3762 1310 3819 senten·
1396 3809 1400 3814 .

246 3878 292 3942 tia
317 3880 563 3964 iuterrogatiua.
602 3882 838 3946 eouiuuotimrs
875 3887 1064 3964 poneretur.
1113 3879 1159 3945 Ut
1181 3879 1313 3945 Becker

246 4002 389 4068 iniitro
414 4005 674 4089 supralaudato
706 4005 961 4092 diligentissime
987 4003 1140 4069 ostendit.
1189 4002 1312 4088 Neque

245 4129 446 4197 arbitremur
481 4138 610 4215 oportet
645 4154 722 4195 (casu
756 4133 960 4224 fortuitoque
984 4131 1019 4194 iu
1043 4137 1137 4194 tauta
1161 4127 1312 4198 multitu-
